<?xml version="1.0" encoding="UTF-8"?>
<!DOCTYPE html PUBLIC "-//W3C//DTD XHTML 1.0 Transitional//EN"
    "http://www.w3.org/TR/xhtml1/DTD/xhtml1-transitional.dtd">
<html xmlns="http://www.w3.org/1999/xhtml" xml:lang="en" lang="en">
 <head>
  <title>
</title>
<meta http-equiv="Content-Type" content="text/html;charset=utf-8" />
  <meta name='ocr-system' content='tesseract 3.04.00' />
  <meta name='ocr-capabilities' content='ocr_page ocr_carea ocr_par ocr_line ocrx_word'/>
</head>
<body>
  <div class='ocr_page' id='page_1' title='image "./periculaurbisas00moorgoog_0085.png"; bbox 0 0 2918 4570; ppageno 0'>
   <div class='ocr_carea' id='block_1_1' title="bbox 625 393 945 448">
    <p class='ocr_par' dir='ltr' id='par_1_1' title="bbox 625 393 945 448">
     <span class='ocr_line' id='line_1_1' title="bbox 625 393 945 448; baseline 0 -2"><span class='ocrx_word' id='word_1_1' title='bbox 625 394 652 446; x_wconf 87' lang='lat' dir='ltr'><em>T</em></span> <span class='ocrx_word' id='word_1_2' title='bbox 647 393 812 446; x_wconf 84' lang='lat' dir='ltr'><em>RANSLA</em></span> <span class='ocrx_word' id='word_1_3' title='bbox 821 394 848 446; x_wconf 86' lang='grc' dir='ltr'><em>Τ</em></span> <span class='ocrx_word' id='word_1_4' title='bbox 844 393 945 448; x_wconf 85' lang='lat' dir='ltr'><em>IONS</em></span> 
     </span>
    </p>
   </div>
   <div class='ocr_carea' id='block_1_2' title="bbox 282 1550 1260 2000">
    <p class='ocr_par' dir='ltr' id='par_1_2' title="bbox 282 1550 1260 2000">
     <span class='ocr_line' id='line_1_2' title="bbox 285 1550 1170 1636; baseline 0.001 -21"><span class='ocrx_word' id='word_1_5' title='bbox 285 1553 371 1617; x_wconf 87' lang='lat' dir='ltr'>Nox</span> <span class='ocrx_word' id='word_1_6' title='bbox 388 1561 467 1627; x_wconf 85' lang='lat' dir='ltr'>erat,</span> <span class='ocrx_word' id='word_1_7' title='bbox 483 1560 517 1615; x_wconf 89' lang='lat' dir='ltr'>et</span> <span class='ocrx_word' id='word_1_8' title='bbox 532 1550 699 1634; x_wconf 91' lang='lat' dir='ltr'>placidum</span> <span class='ocrx_word' id='word_1_9' title='bbox 717 1552 897 1636; x_wconf 86' lang='lat' dir='ltr'>carpebant</span> <span class='ocrx_word' id='word_1_10' title='bbox 913 1551 1000 1615; x_wconf 87' lang='lat' dir='ltr'>sessa</span> <span class='ocrx_word' id='word_1_11' title='bbox 1016 1572 1170 1635; x_wconf 89' lang='lat' dir='ltr'>soporem</span> 
     </span>
     <span class='ocr_line' id='line_1_3' title="bbox 284 1673 1150 1756; baseline -0.002 -17"><span class='ocrx_word' id='word_1_12' title='bbox 284 1675 432 1756; x_wconf 84' lang='lat' dir='ltr'>Corpora</span> <span class='ocrx_word' id='word_1_13' title='bbox 447 1693 506 1756; x_wconf 88' lang='lat' dir='ltr'>per</span> <span class='ocrx_word' id='word_1_14' title='bbox 520 1681 641 1737; x_wconf 88' lang='lat' dir='ltr'>terras:</span> <span class='ocrx_word' id='word_1_15' title='bbox 660 1673 829 1756; x_wconf 85' lang='lat' dir='ltr'>sylvaeque</span> <span class='ocrx_word' id='word_1_16' title='bbox 845 1682 879 1736; x_wconf 88' lang='lat' dir='ltr'>et</span> <span class='ocrx_word' id='word_1_17' title='bbox 895 1694 983 1736; x_wconf 84' lang='lat' dir='ltr'>saeva</span> <span class='ocrx_word' id='word_1_18' title='bbox 998 1675 1150 1756; x_wconf 78' lang='lat' dir='ltr'>quierant</span> 
     </span>
     <span class='ocr_line' id='line_1_4' title="bbox 282 1795 1157 1879; baseline 0.001 -21"><span class='ocrx_word' id='word_1_19' title='bbox 282 1795 452 1878; x_wconf 86' lang='lat' dir='ltr'>AEquora:</span> <span class='ocrx_word' id='word_1_20' title='bbox 475 1815 579 1877; x_wconf 90' lang='lat' dir='ltr'>quum</span> <span class='ocrx_word' id='word_1_21' title='bbox 597 1795 707 1859; x_wconf 90' lang='lat' dir='ltr'>medio</span> <span class='ocrx_word' id='word_1_22' title='bbox 722 1795 899 1858; x_wconf 90' lang='lat' dir='ltr'>volvuntur</span> <span class='ocrx_word' id='word_1_23' title='bbox 914 1796 1023 1860; x_wconf 84' lang='lat' dir='ltr'>sidera</span> <span class='ocrx_word' id='word_1_24' title='bbox 1039 1797 1132 1879; x_wconf 91' lang='lat' dir='ltr'>lapsu</span> <span class='ocrx_word' id='word_1_25' title='bbox 1150 1819 1157 1874; x_wconf 91' lang='lat'>;</span> 
     </span>
     <span class='ocr_line' id='line_1_5' title="bbox 284 1916 1260 2000; baseline 0.003 -22"><span class='ocrx_word' id='word_1_26' title='bbox 284 1917 397 2000; x_wconf 87' lang='lat' dir='ltr'>Quum</span> <span class='ocrx_word' id='word_1_27' title='bbox 414 1924 504 1979; x_wconf 91' lang='lat' dir='ltr'>tacet</span> <span class='ocrx_word' id='word_1_28' title='bbox 519 1916 627 1978; x_wconf 91' lang='lat' dir='ltr'>omnis</span> <span class='ocrx_word' id='word_1_29' title='bbox 643 1936 730 1998; x_wconf 88' lang='lat' dir='ltr'>ager,</span> <span class='ocrx_word' id='word_1_30' title='bbox 747 1917 901 1998; x_wconf 89' lang='lat' dir='ltr'>pecudes,</span> <span class='ocrx_word' id='word_1_31' title='bbox 919 1917 1084 1999; x_wconf 85' lang='lat' dir='ltr'>pictaeque</span> <span class='ocrx_word' id='word_1_32' title='bbox 1099 1918 1260 1994; x_wconf 89' lang='lat' dir='ltr'>volucres,</span> 
     </span>
    </p>
   </div>
   <div class='ocr_carea' id='block_1_3' title="bbox 257 2037 1200 2143">
    <p class='ocr_par' dir='ltr' id='par_1_3' title="bbox 257 2037 1200 2143">
     <span class='ocr_line' id='line_1_6' title="bbox 257 2037 1200 2143; baseline 0 -41"><span class='ocrx_word' id='word_1_33' title='bbox 257 2107 267 2143; x_wconf 47' lang='lat'><strong>9</strong></span> <span class='ocrx_word' id='word_1_34' title='bbox 284 2038 436 2120; x_wconf 86' lang='lat' dir='ltr'>Quaeque</span> <span class='ocrx_word' id='word_1_35' title='bbox 452 2037 543 2101; x_wconf 89' lang='lat' dir='ltr'>lacus</span> <span class='ocrx_word' id='word_1_36' title='bbox 560 2037 627 2100; x_wconf 91' lang='lat' dir='ltr'>late</span> <span class='ocrx_word' id='word_1_37' title='bbox 643 2037 796 2120; x_wconf 71' lang='lat' dir='ltr'>liquidos</span> <span class='ocrx_word' id='word_1_38' title='bbox 812 2058 955 2121; x_wconf 85' lang='lat' dir='ltr'>quaeque</span> <span class='ocrx_word' id='word_1_39' title='bbox 971 2039 1074 2100; x_wconf 90' lang='lat' dir='ltr'>ardua</span> <span class='ocrx_word' id='word_1_40' title='bbox 1090 2039 1200 2102; x_wconf 91' lang='lat' dir='ltr'>dumis</span> 
     </span>
    </p>
   </div>
   <div class='ocr_carea' id='block_1_4' title="bbox 284 2159 1170 2853">
    <p class='ocr_par' dir='ltr' id='par_1_4' title="bbox 286 2159 1115 2358">
     <span class='ocr_line' id='line_1_7' title="bbox 286 2159 1115 2241; baseline 0 -18"><span class='ocrx_word' id='word_1_41' title='bbox 286 2161 377 2223; x_wconf 90' lang='lat' dir='ltr'>Rura</span> <span class='ocrx_word' id='word_1_42' title='bbox 393 2168 520 2235; x_wconf 88' lang='lat' dir='ltr'>tenent,</span> <span class='ocrx_word' id='word_1_43' title='bbox 535 2179 654 2221; x_wconf 92' lang='lat' dir='ltr'>somno</span> <span class='ocrx_word' id='word_1_44' title='bbox 669 2161 787 2241; x_wconf 85' lang='lat' dir='ltr'>positae</span> <span class='ocrx_word' id='word_1_45' title='bbox 804 2159 865 2224; x_wconf 91' lang='lat' dir='ltr'>sub</span> <span class='ocrx_word' id='word_1_46' title='bbox 882 2169 980 2224; x_wconf 89' lang='lat' dir='ltr'>nocte</span> <span class='ocrx_word' id='word_1_47' title='bbox 996 2160 1115 2237; x_wconf 84' lang='lat' dir='ltr'><strong>silenti,</strong></span> 
     </span>
     <span class='ocr_line' id='line_1_8' title="bbox 286 2280 1083 2358; baseline 0.004 -15"><span class='ocrx_word' id='word_1_48' title='bbox 286 2281 452 2344; x_wconf 90' lang='lat' dir='ltr'>Lenibant</span> <span class='ocrx_word' id='word_1_49' title='bbox 468 2301 572 2358; x_wconf 90' lang='lat' dir='ltr'>curas,</span> <span class='ocrx_word' id='word_1_50' title='bbox 588 2290 621 2344; x_wconf 89' lang='lat' dir='ltr'>et</span> <span class='ocrx_word' id='word_1_51' title='bbox 638 2281 788 2344; x_wconf 88' lang='lat' dir='ltr'>membra</span> <span class='ocrx_word' id='word_1_52' title='bbox 804 2280 907 2345; x_wconf 90' lang='lat' dir='ltr'>oblita</span> <span class='ocrx_word' id='word_1_53' title='bbox 924 2280 1083 2346; x_wconf 85' lang='lat' dir='ltr'>laborum.</span> 
     </span>
    </p>

    <p class='ocr_par' dir='ltr' id='par_1_5' title="bbox 284 2400 1170 2853">
     <span class='ocr_line' id='line_1_9' title="bbox 284 2400 1117 2486; baseline 0.002 -22"><span class='ocrx_word' id='word_1_54' title='bbox 284 2402 334 2465; x_wconf 89' lang='lat' dir='ltr'>At</span> <span class='ocrx_word' id='word_1_55' title='bbox 349 2422 416 2464; x_wconf 94' lang='lat' dir='ltr'>non</span> <span class='ocrx_word' id='word_1_56' title='bbox 432 2400 548 2465; x_wconf 85' lang='lat' dir='ltr'><strong>infelix</strong></span> <span class='ocrx_word' id='word_1_57' title='bbox 564 2403 666 2484; x_wconf 89' lang='lat' dir='ltr'>animi</span> <span class='ocrx_word' id='word_1_58' title='bbox 685 2400 872 2466; x_wconf 89' lang='lat' dir='ltr'>Phoenissa:</span> <span class='ocrx_word' id='word_1_59' title='bbox 896 2423 956 2466; x_wconf 91' lang='lat' dir='ltr'>nec</span> <span class='ocrx_word' id='word_1_60' title='bbox 972 2424 1117 2486; x_wconf 88' lang='lat' dir='ltr'>unquam</span> 
     </span>
     <span class='ocr_line' id='line_1_10' title="bbox 286 2523 1170 2607; baseline 0 -18"><span class='ocrx_word' id='word_1_61' title='bbox 286 2523 434 2590; x_wconf 83' lang='lat' dir='ltr'>Solvitur</span> <span class='ocrx_word' id='word_1_62' title='bbox 448 2526 481 2587; x_wconf 93' lang='lat' dir='ltr'>in</span> <span class='ocrx_word' id='word_1_63' title='bbox 497 2545 641 2601; x_wconf 89' lang='lat' dir='ltr'>somnos,</span> <span class='ocrx_word' id='word_1_64' title='bbox 656 2524 800 2588; x_wconf 88' lang='lat' dir='ltr'>oculisve</span> <span class='ocrx_word' id='word_1_65' title='bbox 815 2533 873 2588; x_wconf 90' lang='lat' dir='ltr'>aut</span> <span class='ocrx_word' id='word_1_66' title='bbox 889 2535 1023 2607; x_wconf 84' lang='lat' dir='ltr'>pectore</span> <span class='ocrx_word' id='word_1_67' title='bbox 1039 2536 1170 2589; x_wconf 90' lang='lat' dir='ltr'>noctem</span> 
     </span>
     <span class='ocr_line' id='line_1_11' title="bbox 284 2647 1163 2731; baseline 0.002 -21"><span class='ocrx_word' id='word_1_68' title='bbox 284 2647 419 2729; x_wconf 88' lang='lat' dir='ltr'>Accipit</span> <span class='ocrx_word' id='word_1_69' title='bbox 435 2668 442 2725; x_wconf 89' lang='lat'>;</span> <span class='ocrx_word' id='word_1_70' title='bbox 466 2648 672 2730; x_wconf 87' lang='lat' dir='ltr'>ingeminant</span> <span class='ocrx_word' id='word_1_71' title='bbox 688 2668 784 2722; x_wconf 89' lang='lat' dir='ltr'>curae,</span> <span class='ocrx_word' id='word_1_72' title='bbox 800 2668 976 2731; x_wconf 85' lang='lat' dir='ltr'>rursusque</span> <span class='ocrx_word' id='word_1_73' title='bbox 991 2669 1163 2731; x_wconf 84' lang='lat' dir='ltr'>resurgens</span> 
     </span>
     <span class='ocr_line' id='line_1_12' title="bbox 286 2769 1111 2853; baseline -0.001 -18"><span class='ocrx_word' id='word_1_74' title='bbox 286 2770 389 2835; x_wconf 85' lang='lat' dir='ltr'>Saevit</span> <span class='ocrx_word' id='word_1_75' title='bbox 404 2791 506 2847; x_wconf 86' lang='lat' dir='ltr'>amor,</span> <span class='ocrx_word' id='word_1_76' title='bbox 523 2790 712 2853; x_wconf 89' lang='lat' dir='ltr'>magnoque</span> <span class='ocrx_word' id='word_1_77' title='bbox 728 2770 849 2833; x_wconf 84' lang='lat' dir='ltr'>irarum</span> <span class='ocrx_word' id='word_1_78' title='bbox 866 2769 1003 2844; x_wconf 87' lang='lat' dir='ltr'>fluctuat</span> <span class='ocrx_word' id='word_1_79' title='bbox 1019 2780 1111 2834; x_wconf 87' lang='lat' dir='ltr'>aestu.</span> 
     </span>
    </p>
   </div>
   <div class='ocr_carea' id='block_1_5' title="bbox 284 3373 1220 3945">
    <p class='ocr_par' dir='ltr' id='par_1_6' title="bbox 284 3373 1220 3945">
     <span class='ocr_line' id='line_1_13' title="bbox 330 3373 1165 3456; baseline -0.004 -17"><span class='ocrx_word' id='word_1_80' title='bbox 330 3375 386 3440; x_wconf 90' lang='lat' dir='ltr'>Sic</span> <span class='ocrx_word' id='word_1_81' title='bbox 402 3374 486 3438; x_wconf 90' lang='lat' dir='ltr'>adeo</span> <span class='ocrx_word' id='word_1_82' title='bbox 502 3373 632 3450; x_wconf 87' lang='lat' dir='ltr'>insistit,</span> <span class='ocrx_word' id='word_1_83' title='bbox 648 3393 827 3456; x_wconf 89' lang='lat' dir='ltr'>secumque</span> <span class='ocrx_word' id='word_1_84' title='bbox 843 3373 889 3436; x_wconf 90' lang='lat' dir='ltr'>ita</span> <span class='ocrx_word' id='word_1_85' title='bbox 905 3373 1004 3436; x_wconf 94' lang='lat' dir='ltr'>corde</span> <span class='ocrx_word' id='word_1_86' title='bbox 1018 3373 1165 3438; x_wconf 88' lang='lat' dir='ltr'>volutat:</span> 
     </span>
     <span class='ocr_line' id='line_1_14' title="bbox 287 3495 1172 3579; baseline 0 -19"><span class='ocrx_word' id='word_1_87' title='bbox 287 3497 358 3560; x_wconf 89' lang='lat' dir='ltr'>En!</span> <span class='ocrx_word' id='word_1_88' title='bbox 382 3496 462 3579; x_wconf 94' lang='lat' dir='ltr'>quid</span> <span class='ocrx_word' id='word_1_89' title='bbox 479 3495 567 3578; x_wconf 84' lang='lat' dir='ltr'>ago?</span> <span class='ocrx_word' id='word_1_90' title='bbox 591 3516 745 3558; x_wconf 93' lang='lat' dir='ltr'>rursusne</span> <span class='ocrx_word' id='word_1_91' title='bbox 760 3515 878 3576; x_wconf 91' lang='lat' dir='ltr'>procos</span> <span class='ocrx_word' id='word_1_92' title='bbox 894 3495 986 3558; x_wconf 91' lang='lat' dir='ltr'>irrisa</span> <span class='ocrx_word' id='word_1_93' title='bbox 1001 3496 1126 3577; x_wconf 88' lang='lat' dir='ltr'>priores</span> <span class='ocrx_word' id='word_1_94' title='bbox 1169 3561 1172 3566; x_wconf 79' lang='grc'><em>,</em></span> 
     </span>
     <span class='ocr_line' id='line_1_15' title="bbox 285 3616 1220 3700; baseline 0 -20"><span class='ocrx_word' id='word_1_95' title='bbox 285 3618 460 3700; x_wconf 82' lang='lat' dir='ltr'>Experiar,</span> <span class='ocrx_word' id='word_1_96' title='bbox 477 3617 738 3699; x_wconf 89' lang='lat' dir='ltr'>Nomadumque</span> <span class='ocrx_word' id='word_1_97' title='bbox 753 3626 867 3698; x_wconf 89' lang='lat' dir='ltr'>petam</span> <span class='ocrx_word' id='word_1_98' title='bbox 884 3617 1050 3680; x_wconf 94' lang='lat' dir='ltr'>connubia</span> <span class='ocrx_word' id='word_1_99' title='bbox 1066 3616 1220 3700; x_wconf 86' lang='lat' dir='ltr'>supplex,</span> 
     </span>
     <span class='ocr_line' id='line_1_16' title="bbox 284 3738 1110 3822; baseline 0.001 -20"><span class='ocrx_word' id='word_1_100' title='bbox 284 3739 377 3821; x_wconf 84' lang='lat' dir='ltr'>Quos</span> <span class='ocrx_word' id='word_1_101' title='bbox 394 3760 456 3822; x_wconf 88' lang='lat' dir='ltr'>ego</span> <span class='ocrx_word' id='word_1_102' title='bbox 472 3740 535 3802; x_wconf 93' lang='lat' dir='ltr'>sim</span> <span class='ocrx_word' id='word_1_103' title='bbox 552 3739 652 3802; x_wconf 87' lang='lat' dir='ltr'>toties</span> <span class='ocrx_word' id='word_1_104' title='bbox 665 3738 735 3820; x_wconf 86' lang='lat' dir='ltr'>jam</span> <span class='ocrx_word' id='word_1_105' title='bbox 752 3738 934 3820; x_wconf 85' lang='lat' dir='ltr'>dedignata</span> <span class='ocrx_word' id='word_1_106' title='bbox 951 3739 1110 3803; x_wconf 83' lang='lat' dir='ltr'>maritos?</span> 
     </span>
     <span class='ocr_line' id='line_1_17' title="bbox 286 3860 1098 3945; baseline 0 -22"><span class='ocrx_word' id='word_1_107' title='bbox 286 3861 404 3925; x_wconf 89' lang='lat' dir='ltr'>Iliacas</span> <span class='ocrx_word' id='word_1_108' title='bbox 420 3862 520 3945; x_wconf 88' lang='lat' dir='ltr'>igitur</span> <span class='ocrx_word' id='word_1_109' title='bbox 536 3861 666 3937; x_wconf 86' lang='lat' dir='ltr'>classes,</span> <span class='ocrx_word' id='word_1_110' title='bbox 682 3871 782 3943; x_wconf 91' lang='lat' dir='ltr'>atque</span> <span class='ocrx_word' id='word_1_111' title='bbox 800 3860 917 3925; x_wconf 83' lang='lat' dir='ltr'>ultima</span> <span class='ocrx_word' id='word_1_112' title='bbox 934 3861 1098 3923; x_wconf 78' lang='lat' dir='ltr'>Teucrum</span> 
     </span>
    </p>
   </div>
   <div class='ocr_carea' id='block_1_6' title="bbox 0 0 1467 4570">
    <p class='ocr_par' dir='ltr' id='par_1_7' title="bbox 0 0 1467 4570">
     <span class='ocr_line' id='line_1_18' title="bbox 0 0 1467 4570; baseline 0 0"><span class='ocrx_word' id='word_1_113' title='bbox 0 0 1467 4570; x_wconf 95' lang='lat' dir='ltr'> </span> 
     </span>
    </p>
   </div>
  </div>
 </body>
</html>
