2872 4570
291 365 306 403 2
603 351 807 406 PERICULA
838 351 963 406 URBIS.

290 529 430 592 Eminus
446 549 464 590 e
479 529 549 612 ripa
565 529 636 592 diro
651 530 793 593 clamore
809 528 940 606 satelles

287 648 390 712 Acria
406 650 544 714 devexae
557 651 720 732 jaculatur
733 652 853 735 probra
867 652 994 714 carinae.

289 771 475 854 ‘Septime,'
493 774 550 856 (tu,
563 773 701 856 juvenis,
717 775 860 836 numeris
875 794 1025 837 assuesce
1040 773 1173 849 vocari,¹

289 892 342 955 Tu
359 871 513 957 numerus
529 914 616 957 nunc
632 915 675 970 es,
691 902 788 958 natus
803 894 934 958 sorbere
949 894 1109 974 bovinas)

289 1022 297 1049 ‘
311 1015 406 1078 Heu!
430 1016 511 1099 quid
527 1016 621 1098 agis?
666 1016 741 1078 Fies
756 1016 899 1098 simplex
916 1016 958 1079 de
973 1017 1097 1099 remige
1112 1025 1225 1080 vector

289 1144 297 1170 ‘
310 1135 364 1201 Sic
373 1138 469 1200 tortis
478 1137 630 1201 humeris.
669 1137 758 1220 Quid
768 1159 889 1220 aquam
901 1138 989 1213 mihi,
999 1137 1131 1220 Quinte,
1143 1138 1278 1200 moraris

287 1257 492 1321 ‘Prenderei
527 1257 615 1339 Quin
626 1258 737 1322 citius!
775 1259 943 1322 Truncum
953 1258 1100 1322 oscillare
1111 1269 1278 1322 memento

288 1376 442 1460 ‘Quarta
458 1385 562 1453 tuum,
579 1378 791 1461 mediumque
806 1400 895 1454 cava,
910 1379 1098 1454 lentissime,
1115 1379 1257 1442 dorsum.

287 1499 387 1563 ‘Una
402 1520 516 1562 omnes
528 1500 549 1563 !’
596 1499 651 1564 Sic
667 1501 807 1564 exierint
823 1521 903 1563 mox
919 1509 995 1564 octo
1010 1502 1153 1564 virorum

289 1621 453 1697 Machina,
469 1623 515 1685 sic
531 1622 617 1684 tritis
633 1621 719 1685 sidat
733 1622 880 1684 Victoria
895 1623 1052 1684 transtris.

330 1863 369 1925 In
387 1862 511 1938 mediis,
527 1864 584 1927 en!
608 1863 744 1946 remigio
760 1863 940 1945 spectanda
954 1862 1077 1926 valenti

287 1985 385 2046 Prora
400 1985 465 2048 ruit
480 1984 617 2060 devexa,
633 1984 884 2066 admirandique
899 1983 1021 2061 lacerti,

284 2106 387 2188 Queis
404 2105 498 2170 Cami
515 2113 609 2187 parat
625 2105 701 2169 ulva
715 2127 828 2188 pares:
851 2106 909 2170 dat
925 2106 1077 2170 euntibus
1093 2107 1200 2169 omnis

286 2227 417 2310 Cymba
432 2227 551 2303 locum,
565 2226 724 2290 vexillum
741 2228 854 2291 album
868 2236 1025 2291 venerata
1040 2229 1167 2292 carinae.

286 2347 382 2410 Heu!
407 2345 580 2410 maletum
600 2345 708 2409 Guttae
723 2348 871 2429 angustis
887 2341 1012 2409 erratur
1026 2348 1059 2409 in
1075 2347 1180 2411 undis.

285 2467 320 2532 Si
336 2467 409 2550 quis
425 2467 469 2529 ibi
487 2466 639 2541 Cancros‚
659 2468 709 2546 (ea
726 2487 791 2528 non
807 2468 975 2549 incognita
990 2469 1058 2531 rivo

284 2590 434 2652 Monstra
450 2586 586 2668 natant)
605 2595 742 2670 captans
757 2595 888 2651 tonsam
904 2610 986 2670 puer
1001 2589 1118 2654 infodit
1134 2591 1239 2667 undiS,

283 2708 356 2772 Aut
371 2710 505 2772 umbras
522 2707 599 2774 Orci
613 2707 723 2790 jussus
739 2708 937 2772 descendere
952 2711 994 2772 ad
1012 2711 1102 2773 imas.

284 2828 410 2893 Obvius
425 2827 570 2893 horrebit
585 2829 704 2892 stantis
719 2829 866 2892 convicia
881 2830 1029 2912 cymbae;

281 2949 363 3026 Aut,
378 2951 405 3013 si
422 2950 594 3033 remigium
609 2950 783 3015 violentior
797 2951 939 3033 impetus
956 2953 1032 3034 egit,

282 3072 479 3155 Naufragus,
496 3080 530 3136 et
545 3072 655 3155 gelido
670 3073 857 3137 submersus
873 3074 1011 3156 gurgite,
1027 3075 1113 3138 ndrit

282 3192 373 3277 Quot
389 3193 497 3270 catuli,
513 3204 546 3258 et
561 3194 660 3258 ioedae
676 3195 805 3260 fluitent
822 3197 853 3258 in
870 3197 1017 3278 margine
1032 3195 1119 3259 seles.

327 3438 488 3501 Plurimus
504 3448 537 3502 et
552 3437 682 3502 lumbos
698 3439 894 3522 campestria
910 3440 1044 3516 cinctus
1060 3439 1226 3515 anhelans,

282 3559 476 3641 Cornipedis
491 3561 555 3623 ritu
570 3560 643 3642 gyri
659 3561 766 3641 spatia
781 3561 893 3623 omnia
908 3562 1032 3625 sudans

281 3683 473 3758 Exercetur,
489 3690 525 3744 ut
541 3680 682 3744 hesterni
699 3680 740 3744 de
755 3690 904 3764 tempore
919 3686 1032 3746 curstls

280 3805 450 3887 Exiguum
467 3805 616 3887 quamvis
634 3813 837 3868 momentum
854 3803 991 3881 deterat,
1008 3815 1041 3869 et
1056 3825 1127 3870 cras
