2872 4570
246 353 262 408 8
560 353 765 410 PERICULA
796 355 921 411 URBIS.

247 531 412 595 Auditore
426 532 531 596 virum
544 532 615 616 jam
631 541 703 597 tum
718 533 907 617 plaudente,
922 533 1042 598 residit

250 653 334 715 Haec
350 673 440 716 mera
455 652 590 717 libertas
604 655 779 719 verborum
795 664 853 718 est.
898 654 1062 719 Attamen
1078 653 1202 718 audent

248 772 350 836 Facta
366 772 614 837 etiam.*-En!
646 774 772 838 Piscem
789 777 861 838 sert
876 774 919 838 de
934 783 1031 838 nocte
1047 775 1238 858 Loquacem

248 895 311 976 (At
327 914 393 957 non
409 894 522 977 lingua
536 894 625 959 valet
640 895 807 959 crudelem
823 895 954 960 flectere
969 896 1114 980 turbam)

247 1015 391 1098 Corripit
406 1036 425 1079 e
440 1014 586 1098 lymphis
602 1037 718 1079 manus
734 1017 824 1080 ebria
838 1018 1070 1100 patriciorum:

249 1136 310 1200 Ille
325 1139 405 1201 toris
422 1139 520 1201 miser
533 1137 674 1202 insolitis
690 1140 839 1222 interque
854 1140 1012 1203 cadurcos

248 1259 412 1324 Sternitur
427 1260 583 1341 expirans
597 1259 756 1343 inglorius
771 1281 778 1323 :
801 1261 952 1343 improba
969 1261 1075 1325 Fama

247 1381 335 1443 ‘Res
349 1379 440 1444 haud
456 1379 591 1464 illepida
606 1389 665 1455 est,
681 1382 778 1462 periit
793 1383 820 1444 si
836 1382 952 1446 belua’
968 1382 1107 1446 clamat:

245 1501 356 1584 ‘Quid
372 1501 463 1584 quod
478 1501 573 1566 adest
588 1503 731 1583 pretium
749 1502 849 1566 Piscis
864 1505 921 1586 qui
937 1513 1039 1585 ponat
1055 1505 1088 1566 in
1104 1525 1168 1579 ore,

173 1677 179 1689 .
244 1629 285 1658 “‘
298 1623 488 1705 Magnaque
503 1622 642 1685 debetur
656 1602 768 1685 violati
783 1643 884 1706 poena
899 1597 1028 1686 cadurci
1040 1623 1073 1686 :’'

246 1743 343 1806 ‘Non
359 1742 431 1806 haec
446 1750 608 1807 excusant
624 1740 731 1806 calida
747 1752 779 1805 et
795 1764 954 1825 generosa
966 1744 1127 1826 juventas,
1160 1749 1164 1758 ’

244 1863 375 1927 ‘Aurea
391 1885 475 1948 quos
490 1863 577 1945 turpi
593 1863 767 1946 distinguit
782 1866 869 1947 spira
884 1864 1051 1948 popello?'

288 2108 381 2171 Neve
396 2107 574 2184 admireris,
590 2110 677 2191 ripas
694 2108 749 2171 ubi
765 2107 904 2170 curritur
920 2107 991 2181 lsis,

243 2228 359 2312 Atque
374 2231 557 2292 carinarum
573 2230 674 2312 longo
690 2229 804 2293 ordine
820 2247 943 2310 pompa
959 2236 1118 2303 movetur,

243 2353 279 2417 Si
295 2350 392 2414 lintre
408 2371 566 2414 excussos
579 2352 717 2433 juvenes
732 2358 810 2413 ante
826 2370 883 2413 ora
898 2359 1072 2431 parentum

242 2472 373 2535 Videris
390 2473 554 2535 incassum
570 2472 681 2534 studio
696 2472 816 2553 gestire
832 2470 972 2535 lavandi.

243 2590 279 2655 Si
296 2589 409 2662 nescis,
421 2588 516 2669 jocus
532 2597 590 2651 est.
637 2588 690 2650 Ne
706 2608 834 2670 quaeras
849 2587 998 2671 garrulus
1014 2587 1108 2664 ultra,

243 2710 332 2772 Nam
348 2729 384 2771 se
400 2707 553 2771 ridiculos
570 2717 665 2772 natos
681 2709 788 2772 facere
804 2710 905 2772 anxia
921 2718 1035 2785 mater,

243 2831 288 2895 Et
302 2840 395 2896 veste
410 2832 443 2892 in
460 2830 594 2894 madida
609 2830 734 2912 gaudet
748 2830 870 2894 vidisse
886 2829 1032 2894 fluentes.

286 3073 417 3137 Interea
432 3093 564 3156 quoque
580 3073 753 3136 foemineos
768 3073 929 3137 mirabere
944 3082 1058 3148 coetus,

243 3195 292 3260 Ut
308 3195 374 3258 late
390 3195 496 3258 infusa
511 3195 564 3257 via
579 3195 704 3276 virgine
720 3215 860 3277 quaeque
876 3203 1032 3258 coruscet.

242 3316 407 3399 Tempore
423 3336 489 3378 non
507 3315 580 3392 ali0,
596 3325 702 3379 matre
718 3315 901 3389 inducente,
918 3314 1023 3378 leaena

241 3438 360 3502 Acrior
375 3437 493 3500 erravit
508 3437 608 3500 vicis:
630 3457 690 3518 per
704 3436 838 3518 templa,
854 3456 913 3518 per
927 3436 1049 3512 hortos,

242 3563 304 3625 Per
318 3560 392 3624 loca
406 3557 585 3623 adorandae
601 3559 757 3640 robiginis
773 3579 876 3640 usque
891 3559 1081 3641 vagandum
1098 3569 1156 3636 est,

243 3681 422 3762 Partesque
437 3679 558 3742 assidui
575 3679 828 3743 nomenclatoris
843 3680 991 3760 agendae,

274 3814 289 3840 ⁴
307 3814 381 3878 Quod
393 3811 466 3863 fiebat
478 3829 522 3878 per
534 3812 673 3862 Saturnalia
685 3812 932 3865 Commemorationis
943 3829 999 3862 ann.
1015 3825 1191 3864 mmccccxnl.
