2872 4570
495 372 587 426 AND
610 371 761 427 POEMS.

605 931 667 994 XI.

135 1137 279 1200 INSULA
295 1133 514 1216 longinquum
529 1103 596 1216 qua
611 1153 646 1196 se
661 1134 815 1197 subducit
831 1135 864 1197 in
880 1155 1002 1218 aequor,

182 1256 356 1337 Obviaque
371 1254 508 1318 occiduo
524 1254 666 1318 volvitur
681 1256 770 1318 unda
786 1255 867 1331 sinu,

137 1379 283 1462 Questus
298 1377 343 1440 ibi
360 1385 418 1439 tua
434 1375 512 1450 iata,
528 1375 617 1438 fideli
634 1385 767 1458 pectore
782 1386 876 1440 vates

180 1498 319 1561 Assidet
335 1506 369 1561 et
384 1495 548 1561 tumulum
566 1496 655 1560 solus
671 1507 704 1561 et
720 1519 795 1561 ossa
811 1498 897 1563 colit.

139 1709 299 1790 Dumque
314 1705 417 1782 sedet,
433 1704 617 1788 pelageque
633 1705 701 1769 alta
717 1707 962 1790 immensasque
978 1707 1133 1790 profundi

183 1831 288 1893 Fixus
305 1829 337 1891 in
354 1829 474 1892 obtutu
490 1826 584 1891 triste
599 1835 711 1890 tuetur
726 1849 839 1910 aquaS,
1114 1800 1116 1803 V

139 1950 307 2031 Increpuit
323 1948 484 2031 quiddam
500 1947 648 2010 chordis:
671 1957 706 2011 at
722 1948 831 2012 flebile
846 1970 979 2013 carmen

185 2072 246 2134 Per
261 2071 346 2134 freta
361 2078 548 2151 correptum
565 2069 699 2132 flamina
716 2069 944 2136 rauca'ferunt.

138 2283 190 2346 Te
207 2282 325 2344 Manes
342 2281 428 2344 inter
442 2279 562 2343 tacitos
579 2288 732 2355 sectatur,
750 2287 783 2343 et
799 2279 901 2344 audet
918 2316 922 2322 ·

183 2401 241 2466 Ah
258 2399 376 2464 misere
392 2400 519 2482 abrepti
537 2399 693 2481 plangere
710 2398 779 2463 fata
795 2409 871 2465 tua:

139 2524 190 2588 At
205 2544 264 2587 sua
280 2531 368 2586 sarta
384 2541 501 2603 parum
517 2521 714 2605 crudescunt
730 2521 865 2585 vulnera
881 2524 981 2599 eunti,

185 2645 230 2708 Et
246 2619 445 2707 desiderium
458 2641 529 2724 jam
545 2652 640 2705 vetus
656 2662 755 2706 omne
771 2644 863 2708 redit.

141 2855 298 2935 Namque
313 2863 389 2916 tuos
405 2852 535 2915 imitata
551 2851 630 2927 dies,
647 2851 832 2935 eademque
846 2863 962 2917 secuta

186 2975 279 3048 Fata,
291 2972 475 3054 juventutis
491 2972 570 3034 flore
585 2972 706 3036 decora
722 2993 817 3049 n0v0,

142 3097 221 3178 Ipsa
237 3095 337 3157 etiam
354 3094 478 3174 primos
495 3092 600 3158 Stella
616 3093 793 3158 immatura
809 3115 867 3176 per
883 3115 987 3160 annos

186 3216 268 3282 Sola
282 3216 342 3278 viri
358 3235 492 3279 consors
508 3214 701 3297 deliciaeque
717 3219 810 3297 perit.

140 3427 285 3509 jamque
302 3424 403 3500 illum,
420 3434 611 3489 cantantem
628 3423 721 3501 adeb,
737 3427 786 3489 vis
803 3427 954 3510 improba
972 3431 1047 3497 Fati

188 3549 266 3611 Non
283 3548 489 3611 exorandam
505 3548 595 3629 cogit
611 3547 701 3610 abire
715 3548 825 3613 viam:

144 3671 202 3735 Sic
218 3678 251 3732 et
266 3678 378 3732 vatem
395 3669 503 3750 ipsum
520 3677 553 3731 et
569 3689 644 3750 quae
660 3670 761 3734 verba
777 3672 955 3737 novissima
972 3674 1081 3740 fundit

192 3792 294 3859 Unda
310 3769 392 3856 feret
409 3791 531 3872 rapidis
548 3811 613 3853 una
629 3790 814 3875 eademque
831 3791 929 3859 fretis.
