2918 4570
273 417 309 472 90
614 396 937 452 rnnnsmrorvs

276 578 459 640 Fortunata
474 571 539 637 situ
554 571 674 637 telius!
697 569 724 634 si
740 569 859 636 littoris
875 589 934 633 ora

276 697 434 765 Caeruleis
450 704 615 779 praetenta
629 693 730 769 iretis,
746 702 781 757 et
796 691 972 774 splendida
985 689 1069 755 luxu

276 820 412 904 Oppida
428 838 493 882 non
509 817 656 892 aderant,
673 824 708 880 at
723 815 813 898 puris
828 814 951 879 halitus
966 814 1062 889 auris,

275 943 325 1007 At
341 939 429 1005 dulci
445 939 552 1003 ae'rios
568 958 680 1001 rorans
696 936 869 1019 aspergine
885 945 1016 999 montes

277 1064 398 1136 Imber,
415 1071 450 1125 at
465 1060 630 1146 umbrosa
645 1058 748 1122 valles
763 1058 844 1122 tibi:
866 1057 947 1121 talia
962 1056 1091 1120 fervens

278 1189 404 1269 Empta
419 1184 481 1248 sibi
497 1183 577 1247 totis
594 1181 779 1264 Campania
795 1180 956 1246 messibus
972 1186 1075 1263 optet

278 1308 366 1373 Tum
382 1317 478 1371 terrae
494 1305 615 1390 altrici,
625 1303 706 1369 nulli
723 1303 891 1368 mutabilis
906 1323 988 1378 aevo,

278 1427 497 1494 Monticolam
512 1425 688 1508 conjunxit
703 1445 805 1502 amor,
821 1426 994 1508 vetuitque
1008 1425 1121 1508 vagari

280 1551 428 1634 Longius
442 1558 530 1628 ;—et
546 1548 683 1632 quidam
700 1547 807 1629 patria
822 1547 972 1611 sublimis
989 1547 1022 1610 in
1038 1568 1113 1612 arce

279 1673 439 1756 Respicit,
455 1670 587 1735 aestivas
603 1679 699 1752 pater
713 1668 913 1752 Apenninus
927 1670 962 1732 in
977 1691 1075 1734 auras

277 1795 329 1863 Ut
346 1796 460 1860 niveus
473 1801 653 1876 consurgat
666 1812 674 1870 ;
697 1801 732 1856 at
748 1790 831 1854 infra
847 1811 996 1856 murmur
1009 1813 1170 1876 aquarum

280 1917 448 1990 Exoritur,
464 1914 596 1997 lenique
612 1922 784 1977 coruscant
801 1912 934 1977 flamine
950 1911 1041 1977 silvae
1053 1934 1106 1976 :-
1205 1959 1210 1966 .

281 2039 376 2104 Ilicet
392 2037 535 2120 egregiae
550 2035 677 2118 species
692 2034 819 2098 telluris
835 2055 964 2098 amores

282 2159 456 2245 Spectanti
473 2157 619 2223 incendit
636 2155 776 2235 solit0s;
797 2156 890 2221 volat
905 2157 994 2222 ultor
1009 2157 1042 2220 in
1058 2155 1190 2222 hostem
1206 2155 1209 2161 ’

280 2282 430 2357 Vividus,
446 2290 484 2344 ut
500 2280 580 2343 nido
596 2278 713 2362 pennis
727 2278 820 2360 Jovis
836 2276 904 2342 ales
920 2279 964 2343 ab
979 2277 1049 2344 alto

283 2407 413 2488 Lapsus
429 2402 475 2478 iit,
492 2401 617 2465 fissisve
634 2410 732 2466 ruunt
748 2401 791 2465 de
807 2402 975 2467 montibus
991 2423 1113 2469 amnes.

283 2642 447 2732 Quocirca
463 2642 604 2727 populos
621 2664 687 2708 non
703 2643 749 2707 sic
766 2643 901 2728 impune
916 2666 976 2729 per
991 2644 1065 2710 illos

285 2768 516 2834 Romadabat
530 2776 686 2850 stragem,
703 2788 764 2832 nec
778 2767 826 2832 sic
840 2768 912 2831 sine
926 2768 1057 2834 vindice
1072 2768 1143 2834 sato
1207 2815 1210 2820 -

286 2890 463 2956 Cesserunt
476 2891 603 2974 junctae
619 2910 679 2973 pro
694 2889 848 2955 libertate
860 2889 1020 2957 cohortes.

284 3013 355 3077 Vos
371 3013 465 3087 adeo,
481 3011 620 3076 heroum
636 3012 771 3087 cineres,
787 3031 872 3094 quos
888 3011 1026 3076 Pontius
1041 3010 1131 3088 olim,

286 3133 424 3200 Pontius
439 3133 586 3215 antiquae
602 3153 669 3196 non
685 3132 804 3197 ultima
818 3133 924 3216 gloria
938 3135 1056 3217 gentis,
1088 3175 1093 3195 .
1206 3176 1210 3184 ,

288 3255 391 3320 Haud
407 3255 543 3318 dubiam
561 3255 595 3317 in
612 3263 754 3319 mortem
769 3255 878 3332 duxit,
894 3229 1030 3339 quando
1045 3255 1158 3321 invida
1171 3261 1289 3321 vatum

287 3375 414 3458 Pagina
428 3395 488 3438 vos
503 3373 602 3451 siluit,
619 3369 679 3438 nec
694 3374 820 3440 habent
835 3375 924 3441 facta
937 3377 1067 3460 optima
1082 3377 1226 3453 Musam,

289 3498 354 3560 Fas
371 3494 452 3558 mihi
467 3503 520 3559 tot
536 3504 612 3577 post
627 3493 727 3559 saecla
742 3494 834 3579 loqui
849 3517 858 3574 ;
880 3496 930 3560 fas
945 3497 1091 3562 carmine
1106 3491 1244 3562 tandem

289 3617 458 3680 Illustrem
474 3635 658 3681 memorare
674 3616 774 3693 diem,
790 3637 858 3700 quo
874 3617 1165 3682 alternalaborem
1197 3667 1199 3672 .

287 3741 445 3805 Vestmm
461 3738 572 3815 etiam,
586 3747 713 3803 vestras
728 3747 847 3822 partes,
865 3741 1013 3804 Fortuna
1029 3741 1160 3804 revisit:
1208 3787 1213 3794 -

291 3859 386 3925 Plura
404 3858 496 3924 nefas
510 3880 518 3923 ε
541 3858 602 3922 hos
617 3859 737 3924 saltem
753 3861 843 3924 urnis
858 3859 919 3923 hos
934 3881 1090 3952 spargere
1105 3857 1222 3924 vestris
1239 3854 1242 3858 ’

289 3985 413 4048 Restat
428 3982 537 4047 adhuc
553 4002 653 4057 seros,
670 4003 745 4046 mea
761 3983 874 4047 tenuia
891 4003 1036 4057 munera,
1054 3983 1159 4047 flores
