2918 4570
545 379 638 432 AND
663 379 813 434 POEMS.

304 867 379 956 'Ap‘
393 868 487 950 ἡλίου
500 865 560 952 ιγὴν
574 867 738 947 βάλλεται
753 867 842 954 φάος,
858 868 984 948 τέκνον;

312 988 366 1054 καὶ
380 988 443 1076 ιγδρ
459 987 497 1052 δι’
512 989 630 1076 ἁβραῖς
644 988 781 1076 ᾄσσεται
795 990 952 1077 μεταρσία

312 1107 404 1192 κύμη,
420 1108 499 1196 σάφ’
514 1106 581 1188 οἶδ’,
597 1108 765 1198 οὔροισιν·
788 1109 915 1198 αἷθερας
929 1112 957 1178 τ’
971 1111 1036 1178 ἀπὸ

312 1229 392 1314 ὀδμὴ
406 1231 439 1314 μ’
456 1229 591 1314 ὑπῆλθε,
606 1230 718 1318 φύλλα
732 1232 759 1297 τ’
774 1231 855 1322 α”ιγχι
868 1233 1030 1299 πάλλεται
1043 1257 1050 1273 ·

315 1353 360 1420 ὧν
374 1356 407 1420 έν
422 1356 543 1441 φρενῶν
559 1353 719 1419 δέλτοισιν
733 1353 864 1421 εἰκάσας
878 1356 1014 1442 γραφήν,

312 1476 350 1542 ού
364 1479 419 1542 νύν
432 1476 462 1560 ιγ’
477 1474 626 1561 άφεχγῶν
641 1477 792 1560 ὀμμάτων
806 1478 990 1561 τητώμενος,

311 1597 374 1664 οὔδ’
389 1597 432 1664 ὢν
446 1597 580 1685 γεραιάς,
596 1597 659 1664 οὔδ’
674 1599 717 1662 ἐτ’
735 1597 913 1686 ἀνθρώποις
927 1599 1008 1664 δοκῶ

312 1716 447 1805 ἐχθρός·
470 1716 618 1800 τοιαύτην
631 1715 744 1799 ἡδονὴν
758 1719 823 1806 ἔχω
838 1718 962 1785 κλυάν·

314 1837 417 1905 καίτοι
431 1864 471 1922 με
486 1838 583 1906 δεινὸς
597 1840 731 1927 ούρανοῦ
745 1839 800 1907 καὶ
813 1846 872 1925 γῆς
885 1841 986 1906 πάλιν

313 1958 411 2026 πόθος
426 1959 548 2026 δέδυκεν
563 1958 726 2048 ἐσδρακεῖυ
740 1959 878 2048 φαιδρὰν
894 1961 1001 2050 χάριν,

313 2079 414 2147 καλὸν
428 2081 455 2147 θ’
471 2080 630 2160 ἁπάντων,
646 2079 755 2170 ὥσπερ
770 2081 931 2170 έμφύχου,
948 2081 1041 2163 δέμας
1054 2103 1061 2118 ·

313 2208 370 2286 τῆς
385 2207 444 2286 σῆς
459 2201 485 2268 δ’
501 2200 578 2290 έρως
591 2201 738 2285 μάλιστα
751 2204 784 2286 μ’
800 2203 906 2290 ὄφεως
920 2203 997 2292 ἔχει,

314 2324 452 2392 ὦτύλλ’
474 2326 630 2415 ἔτιάρκων,
646 2327 759 2392 πολλά
772 2353 827 2410 μοι
842 2327 983 2415 μόχθων,
1000 2326 1118 2391 τέκνον.

312 2447 366 2514 καὶ
381 2446 419 2530 δὴ
433 2452 686 2536 τεριττνχαῖσιν
700 2447 824 2516 ὧλένων
839 2449 931 2516 σέθεν

312 2569 427 2636 συνοῖδ’
442 2569 598 2658 ἐχόμενος,
614 2569 671 2652 τήν
685 2595 720 2636 τε
734 2570 796 2652 σὴν
810 2570 916 2657 φάνην
931 2567 1028 2644 κλύω,

311 2691 380 2772 ἥτις
394 2689 660 2776 λυγυφθύχχοισιν
674 2692 782 2778 ἡσυχῆ
797 2689 906 2774 λύγοις

313 2813 427 2898 τυφλῷ
440 2811 563 2898 ιγέροντι
576 2809 670 2875 πάντ)
685 2809 851 2892 έσήμαινέν
864 2834 954 2886 ποτε,

314 2936 391 3016 ἐμοῦ
405 2933 432 2998 τ’
448 2932 575 3016 ἔθελγεν
587 2931 711 3020 μύχθον
724 2929 818 3014 αἰανῆ
832 2929 918 3012 βίον,

312 3055 396 3138 τήνδ’
413 3051 622 3141 εἰσωγείρουσ’
637 3051 740 3119 οἰκίαν
752 3051 870 3141 μικρὰν
884 3053 948 3117 ἔσω

315 3177 473 3265 φαιδρῶτ’
488 3174 632 3242 α’νάκτων
645 3177 709 3241 τῶν
722 3174 827 3242 τάλαι
842 3172 1078 3262 φαντάσματα·

313 3299 374 3382 ἐγὼ
388 3299 426 3380 δ’,
440 3297 603 3366 ἐλεύσεται
616 3297 679 3386 γὰρ
694 3293 817 3385 ἀρτίως,
832 3295 930 3383 μόρον

313 3421 433 3488 ἐνταῦθ’
448 3421 564 3501 ἕκηλος
578 3420 633 3488 τὸν
645 3420 851 3508 τετρωμένου
864 3417 968 3500 μενῶ·

317 3542 371 3606 καὶ
385 3541 476 3607 τάσδ’
492 3541 599 3607 ἔπειτα
613 3542 757 3630 ῥεύσεται
771 3541 866 3624 κόρας
881 3537 934 3602 ἐπὶ

316 3667 471 3745 τριπλοῦν
485 3662 712 3750 ύποῤῥαιγέντος
726 3662 858 3750 ούρανοῦ
872 3655 963 3744 φάος,

319 3778 385 3847 ἀνθ’
401 3781 445 3848 ὧν
459 3781 500 3847 τὰ
514 3785 577 3849 τῶν
591 3782 708 3850 ἄνωθεν
722 3783 835 3869 ἐξεριῖν
849 3778 952 3855 ἔτλην·
