2918 4570
273 355 306 418 78
611 354 638 407 T
635 353 798 408 RANSLA
807 354 930 410 TIONS

271 532 368 614 Jussa
383 531 525 615 sequar?
548 533 669 616 quiane
684 533 811 597 auxilio
823 534 918 616 juvat
935 541 1012 597 ante
1028 532 1164 607 levatos,

271 654 317 717 Et
332 655 416 717 bene
432 652 521 736 apud
539 675 701 718 memores
716 656 836 720 veteris
852 664 920 719 stat
934 656 1041 738 gratia
1058 656 1144 719 facti.

268 774 353 857 Quis
369 794 422 837 me
438 784 560 850 autem,
577 774 628 839 sac
644 775 738 850 velle,
755 777 850 852 sinet,
866 777 1058 858 ratibusque
1073 777 1222 858 superbis

269 895 415 958 invisam
432 895 594 976 accipiet?
618 897 732 972 nescis,
748 895 822 972 heu,
838 896 976 977 perdita,
992 897 1132 960 necdum

269 1016 529 1079 Laomedonteae
546 1016 648 1079 sentis
664 1016 807 1098 perjuria
822 1018 939 1099 gentis.

268 1137 358 1220 Quid
375 1137 472 1204 tum?
496 1137 567 1202 sola
582 1137 662 1220 fuga
677 1147 796 1202 nautas
812 1138 998 1202 comitabor
1013 1141 1177 1203 ovantes?

267 1260 325 1322 An
341 1259 452 1342 Tyriis
468 1259 625 1342 omnique
642 1279 742 1322 manu
759 1259 882 1342 stipata
899 1280 1048 1322 meorum

268 1381 419 1446 Inserar?
443 1390 477 1444 et
492 1401 576 1464 quos
593 1380 731 1445 Sidonia
746 1381 804 1444 vix
821 1380 902 1444 urbe
917 1380 1042 1457 revelli,

267 1504 394 1566 Rursus
410 1522 508 1585 agam
524 1502 654 1584 pelag0,
670 1510 704 1564 et
719 1501 826 1564 ventis
842 1499 921 1565 dare
936 1501 1010 1564 vela
1022 1502 1176 1584 jubebo?
1294 1497 1297 1504 ’

265 1624 354 1706 Quin
372 1644 507 1698 morere,
524 1633 561 1686 ut
578 1624 695 1687 merita
712 1643 755 1699 eS,
771 1621 923 1706 ferroque
938 1634 1050 1688 averte
1065 1625 1222 1687 dolorem.
1257 1689 1259 1694 ,

265 1746 326 1821 Tu,
342 1746 497 1827 lacrymis
514 1743 621 1808 evic'ta
638 1744 730 1819 meis,
745 1753 781 1808 tu
798 1745 906 1826 prima
921 1743 1085 1808 furentem

267 1866 340 1941 His,
356 1886 523 1948 germana,
541 1865 637 1929 malis
652 1884 780 1940 oneras,
795 1874 896 1946 atque
911 1864 1028 1946 objicis
1044 1865 1132 1929 hosti
1147 1867 1153 1928 !

266 1987 344 2051 Non
361 1988 452 2052 licuit
467 1986 606 2062 thalami
623 1994 796 2068 expertem
813 1986 883 2048 sine
899 1986 1035 2048 crimine
1050 1987 1154 2060 vitam

265 2111 405 2194 Degere,
422 2131 513 2172 more
529 2108 616 2185 ferae,
631 2107 715 2171 tales
731 2128 792 2171 nec
807 2116 943 2190 tangere
959 2128 1073 2172 curas:

265 2231 342 2296 Non
359 2241 489 2296 servata
505 2230 589 2296 fides
603 2230 703 2294 cineri
719 2229 882 2313 promissa
899 2228 1060 2312 Sychaeo!
