2872 4570
541 359 634 412 AND
656 358 807 415 POEMS.

650 921 710 984 IX.

174 1127 252 1192 EN!
278 1128 353 1192 Rex
370 1127 518 1210 digressu
533 1147 690 1209 supremo
706 1126 807 1190 limen
823 1127 867 1190 ad
882 1127 991 1208 ipsum

175 1248 429 1314 Conscendebat
460 1268 601 1331 equum:
639 1248 879 1330 monachaeque
909 1248 953 1312 ad
987 1247 1079 1312 frena
1110 1247 1173 1312 fre·
1204 1301 1209 1312 .

262 1380 410 1453 quentes‚

174 1490 285 1554 Triste
300 1490 527 1566 ministerium,
542 1491 685 1565 stabant,
702 1490 889 1573 dextraque
904 1492 1041 1555 tenebat

174 1611 326 1694 Quaeque
342 1611 463 1684 facem:
487 1611 606 1693 quibus
623 1611 678 1674 ille
694 1612 797 1676 dabat
813 1610 981 1684 mandata,
997 1611 1120 1676 relictae

175 1731 334 1814 Conjugis
350 1740 387 1795 ut
402 1733 506 1796 vitam
523 1732 617 1807 curis,
633 1752 735 1814 quam
752 1732 861 1814 longa,
878 1731 1035 1796 foverent.

173 1851 262 1914 Tum
278 1851 375 1934 galea
390 1851 515 1915 orantis
530 1872 646 1915 vocem
663 1851 807 1915 demissa
822 1851 1017 1934 premebat:

173 1971 287 2035 Aurea
303 1972 354 2034 eui
371 1973 487 2054 patriae
502 1972 664 2035 intortum
681 1972 744 2036 sert
759 1973 859 2035 crista
876 1972 1085 2050 Draconem;

174 2095 246 2157 Nec
262 2094 353 2157 videt
370 2093 426 2157 illa
441 2096 558 2170 virum,
574 2115 634 2157 nec
651 2094 763 2157 divino
780 2095 884 2157 instar
899 2095 931 2156 in
948 2114 1014 2169 ore,

173 2215 283 2298 Quale
299 2224 390 2279 erat:
412 2225 447 2280 at
463 2236 631 2279 summum
649 2215 762 2279 nimbo
779 2215 937 2279 irrorante
953 2215 1111 2297 galerum,

173 2337 388 2420 Lychnarum
403 2336 580 2401 adversum
596 2337 696 2400 radiis
713 2336 887 2419 splendere
902 2337 1093 2401 Draconem

172 2458 420 2540 Argumentum
436 2459 552 2542 ingens
568 2459 676 2522 cristae
691 2460 875 2540 spectabat,
890 2469 924 2523 et
940 2459 1045 2523 altum

171 2581 289 2644 Latius
306 2579 445 2655 incendi,
461 2601 521 2644 ceu
538 2580 635 2644 calda
650 2582 834 2664 aspergine,
852 2592 993 2646 noctem.

172 2702 223 2766 At
239 2724 299 2766 rex
315 2723 373 2765 ora
389 2703 505 2766 abiens
517 2702 589 2784 jam
605 2710 677 2764 tum
694 2723 852 2766 conversa
867 2704 1004 2768 tenebat
1019 2725 1026 2780 ;

173 2823 283 2907 Quem
299 2823 391 2887 velut
407 2825 588 2886 immanem
605 2823 723 2886 mediis
739 2824 772 2887 in
789 2825 946 2888 Manibus
963 2827 1124 2902 umbram,

174 2945 344 3027 Implicuit
360 2966 464 3027 vapor
479 2946 620 3009 obscura
635 2946 696 3009 sub
712 2944 785 3009 luce
800 2945 941 3022 volutus,

174 3067 320 3132 Orbibus
335 3067 505 3131 involvens
520 3067 636 3130 orbes:
660 3066 715 3129 ille
731 3087 836 3150 usque
850 3068 976 3132 videnti

172 3189 205 3250 N
208 3189 349 3271 igrescit,
362 3189 501 3271 jamque
517 3189 588 3270 ipse
604 3188 676 3251 cavi
692 3188 754 3251 sub
770 3188 916 3270 imagine
932 3191 1036 3256 nimbi

116 3347 118 3352 .
172 3311 273 3374 Visus
289 3311 322 3373 in
337 3309 427 3373 haud
443 3310 580 3373 dubiam
597 3330 641 3372 ex
657 3307 760 3372 oculis
776 3309 927 3374 incedere
943 3320 1084 3380 noctem.
