2872 4570
529 381 620 435 AND
644 381 794 436 POEMS.

623 939 704 1002 XII.

161 1139 319 1224 JAMQUE
333 1139 429 1205 vale!
453 1141 645 1224 ferrugineis
661 1144 688 1205 si
704 1140 846 1206 discolor
860 1143 922 1206 alis
947 1208 950 1226 p

208 1264 338 1328 Ultima
354 1285 413 1346 per
428 1263 503 1328 coeli
519 1263 640 1327 caerula
656 1265 743 1327 radis
760 1265 831 1340 iter,

162 1385 222 1461 At,
240 1386 323 1462 Dea,
338 1394 373 1450 te
389 1406 500 1449 rursus
517 1384 660 1449 lucentia
675 1385 881 1468 papilionum

208 1506 316 1570 Millia
331 1506 506 1582 deducent,
522 1507 619 1571 turba
634 1527 778 1583 corusca,
795 1507 942 1571 domum.

165 1630 268 1712 Cujus
284 1630 317 1693 in
333 1630 514 1694 adventum
530 1629 599 1694 Ver
613 1631 726 1693 omnia
742 1629 853 1694 trudet
868 1630 912 1694 ad
929 1652 1034 1704 auras,

209 1750 344 1833 Quanta
361 1748 587 1812 columnarum
603 1751 753 1833 germina
769 1751 876 1814 sundit
893 1772 989 1838 apex,

165 1871 442 1954 Frondiferasque
458 1873 568 1935 avium
585 1870 690 1946 scdeS,
705 1873 761 1935 ubi
777 1873 889 1936 tenuia
905 1873 1074 1955 quondam

212 1994 279 2059 Ora
295 1993 408 2070 melos
423 1993 531 2076 pullos
547 2014 610 2056 ova
625 1992 751 2056 reclusa
769 1993 905 2057 dabunt
1006 2031 1019 2062 -,

166 2115 289 2179 Induct
304 2116 338 2176 in
354 2114 468 2179 florem
485 2135 557 2179 sese
572 2124 644 2178 tum
660 2135 814 2197 gemmea
830 2116 944 2198 pubes,

212 2236 334 2300 Sudior
349 2235 500 2318 explebit
517 2235 663 2301 Phoebus
679 2235 796 2318 Aprile
809 2236 908 2319 jubar
918 2259 926 2315 ;

165 2358 256 2421 Tum
273 2358 368 2420 nitidi
385 2357 480 2432 soles,
496 2367 569 2422 tum
586 2357 739 2421 noctibus
755 2379 835 2420 aura
851 2358 913 2430 sub
928 2357 1025 2422 almis

213 2479 323 2553 Lenis
339 2488 372 2542 et
388 2478 551 2542 incertum
567 2478 628 2540 lux
644 2478 775 2541 imitata
791 2478 889 2556 diem,

168 2602 264 2668 Sicut
280 2610 314 2664 et
330 2601 362 2662 in
380 2600 506 2663 somnis
520 2599 696 2683 vigilarent
712 2601 784 2684 ipsa
800 2602 919 2665 Diurni

213 2722 365 2796 Lumina,
383 2741 449 2783 non
466 2721 557 2783 omni
572 2720 707 2784 condita
723 2731 825 2802 parte,
843 2723 915 2786 Dei.

167 2843 241 2906 En!
267 2845 386 2907 iterum
402 2842 513 2906 biseris
529 2842 671 2905 recidiva
687 2844 809 2906 rosaria
825 2845 857 2906 in
873 2843 977 2908 hortis

213 2965 396 3027 Florebunt
411 2963 495 3026 veris
512 2983 578 3025 non
594 2962 749 3027 simulata
765 2966 878 3041 comis,

168 3083 289 3166 Qualia
304 3102 364 3165 per
378 3082 530 3145 brumam
547 3103 613 3145 non
631 3081 688 3145 ulli
705 3084 852 3148 obnoxia
867 3086 991 3150 damno

214 3203 401 3268 Credideris
416 3206 490 3267 tuta
505 3203 579 3266 viva
595 3205 707 3286 quiete
723 3205 792 3269 frui.

168 3326 258 3389 Tum
274 3325 512 3407 pertentabunt
529 3326 688 3389 mundum
706 3348 791 3390 nova
806 3330 938 3410 gaudia,
955 3342 988 3395 et
1005 3333 1096 3396 Anni

214 3446 377 3521 Flumina,
393 3467 452 3509 ceu
469 3446 648 3528 quondam,
666 3445 738 3512 luce
754 3449 876 3514 resecta
892 3462 996 3529 ruent,

141 3580 144 3584 ’
171 3569 220 3634 Ut
236 3569 336 3632 micat
353 3569 385 3631 in
401 3568 494 3632 venis
510 3569 642 3650 sanguis
658 3589 771 3645 novus,
789 3580 892 3653 utque
907 3565 1043 3639 corusco

216 3690 380 3754 Funditur
395 3710 414 3752 a
430 3689 508 3753 solis
525 3689 616 3752 sonte
631 3709 774 3770 perenne
786 3691 892 3773 jubar.
