2872 4570
561 393 654 448 AND
676 393 828 448 POEMS.

194 571 348 634 Vidimus
364 580 398 635 et
414 570 537 634 formas
553 572 764 655 scopulorum
780 570 925 635 culmina
942 571 975 632 in
991 581 1107 632 omnes

238 693 385 768 Vertere,
398 702 431 756 et
447 693 595 758 obscuris
610 694 735 776 oppida
751 694 838 757 celsa
851 694 940 776 jugis
955 716 963 772 ;

195 814 333 897 Propter
350 823 383 878 et
398 815 542 880 Arctoas
558 816 644 880 vecti
661 816 761 899 longo
777 817 891 880 ordine
907 825 1030 889 cautes,

240 937 404 1020 Prataque
419 960 494 1021 quae
510 939 622 1022 gelido
638 960 710 1003 rore
726 941 833 1022 rigata
848 940 962 1002 virent.

196 1059 400 1123 Immensum
414 1061 484 1143 jam
502 1063 589 1125 nacti
607 1062 726 1126 Oriens
742 1071 775 1126 et
792 1061 924 1125 mollius
940 1079 1054 1143 aequor

240 1182 369 1246 Ultima
385 1185 508 1266 pernici
525 1184 705 1247 scindimus
721 1205 786 1247 aere
802 1184 895 1258 freta,

194 1303 270 1387 Qud
286 1306 392 1387 caryis
408 1315 481 1369 sata
497 1327 581 1369 saxa
598 1315 631 1370 et
647 1317 796 1370 aromate
811 1307 904 1370 littus
920 1306 1060 1369 odorum

240 1426 364 1494 Proluit
381 1426 517 1490 immani
535 1426 664 1509 longior
679 1427 768 1491 unda
783 1427 866 1490 sinu.

195 1578 366 1642 Interdum
380 1580 488 1661 ruptis
501 1581 582 1662 juga
598 1580 685 1643 celsa
702 1582 817 1644 ardere
833 1580 980 1654 caminis,

239 1701 368 1765 Littora
383 1701 435 1764 vel
452 1701 566 1764 nimbo
582 1711 727 1764 sternere
743 1721 865 1783 quassa
880 1722 949 1774 su0,

195 1823 286 1886 Dum
302 1823 385 1886 cinis
403 1824 435 1884 in
452 1823 549 1905 pinus
565 1821 683 1885 faciem
699 1832 836 1885 curvata
851 1820 1016 1885 comantis

239 1944 386 2008 Vulturis
403 1954 439 2007 ut
455 1945 531 2007 tetri
548 1945 715 2027 spargitur
730 1943 782 2006 ala
799 1943 906 2025 polo*

193 2066 332 2149 Propter
347 2086 519 2129 arenarum
536 2075 669 2140 tractus,
686 2085 888 2147 camposque
904 2072 1064 2145 tepentes,

239 2188 401 2270 Ostiaque
416 2187 527 2250 effusis
543 2186 763 2269 praevehimur
778 2184 884 2248 fluviis
899 2206 906 2262 ;

193 2307 239 2370 Et
254 2307 354 2371 colles
370 2309 544 2390 mixtoque
560 2307 716 2370 rubentes
733 2287 856 2369 murice
872 2306 975 2369 saltus

238 2428 422 2492 Hausimus
438 2429 588 2492 oblatum
606 2428 731 2491 lumine
745 2449 914 2511 quemque
930 2427 1028 2490 brevi.

193 2586 224 2650 Ο
240 2594 344 2668 quota
360 2594 432 2647 tum
448 2584 556 2659 tellus,
571 2593 654 2666 quot
670 2583 752 2646 ditia
768 2583 880 2646 littora
895 2593 1015 2664 praeter

237 2707 388 2769 Flumine
404 2726 463 2768 ceu
480 2705 575 2768 celeri
593 2704 685 2785 lapsa
702 2705 805 2766 nitere
822 2703 945 2766 ratem!

191 2831 267 2912 Jam
283 2829 383 2910 vulgo
399 2829 540 2891 ardescit
556 2827 703 2909 pelagus
720 2827 859 2908 vestigia
875 2824 971 2888 caecis

239 2951 341 3033 Ignea
354 2951 424 3031 jam
441 2950 551 3030 signat
566 2957 662 3030 rapta
677 2947 787 3010 carina
803 2947 903 3010 iretis,

191 3073 334 3154 Jamque
350 3071 440 3132 sinus
456 3069 608 3151 linquens
624 3068 924 3150 Nympharumque
940 3076 1034 3129 antra
1046 3067 1191 3142 reducta,

203 3239 206 3244 .
238 3193 383 3255 Emicuit
399 3211 509 3272 parvae
526 3190 679 3272 sculptile
695 3189 800 3252 lintris
816 3209 910 3271 opus,

193 3314 363 3395 Pomaque
378 3312 580 3394 deliciasque
597 3311 683 3373 ultro
700 3310 863 3392 floresque
878 3309 1037 3372 vehebat:

238 3435 287 3498 At
303 3435 391 3496 dona
407 3434 576 3515 inceptum
592 3431 682 3494 nulla
699 3441 869 3494 morantur
884 3432 953 3493 iter.

227 3573 241 3596 ¹
260 3571 325 3620 Plini
342 3571 421 3633 Epist.
441 3569 473 3617 vi.
497 3568 526 3616 16
537 3565 546 3617 :¹
568 3569 662 3628 Nubes,
683 3568 803 3616 incertum
822 3565 909 3630 procul
926 3566 1076 3615 intuentibus
1093 3581 1122 3614 ex
1140 3582 1191 3631 quo

193 3663 278 3702 monte
297 3653 443 3716 (Vesuvium
467 3651 540 3700 luisse
557 3660 644 3716 postea
661 3650 787 3714 cognitum
804 3651 860 3710 est),
880 3649 1012 3708 oriebatur,
1033 3649 1101 3712 cujus
1123 3649 1191 3697 simi-

194 3736 323 3785 litudinem
342 3742 366 3783 et
385 3734 489 3782 formam
512 3749 562 3782 non
585 3733 634 3781 alia
653 3732 732 3796 magis
750 3732 824 3780 arbor
843 3747 918 3795 quam
938 3732 1011 3794 pinus
1034 3732 1186 3795 expresserit.

195 3819 263 3878 Nam
274 3817 418 3880 longissimo
430 3816 497 3865 velut
509 3825 595 3864 trunco
607 3814 672 3863 elata
684 3815 709 3862 in
720 3814 798 3862 altum
816 3813 964 3877 quibusdam
982 3813 1056 3861 ramis
1068 3813 1191 3862 diffunde·

195 3904 275 3961 batur,
289 3901 371 3960 credo,
391 3899 450 3964 quia
467 3898 559 3948 recenti
576 3898 663 3962 spiritu
680 3904 772 3956 evecta,
792 3897 850 3944 dein
867 3906 1009 3944 senescente
1026 3912 1057 3945 eo
1072 3897 1190 3946 destituta

196 3993 239 4034 aut
251 3985 327 4034 etiam
340 3984 449 4048 pondere
461 3998 506 4031 suo
517 3982 583 4031 victa
594 3982 620 4029 in
631 3980 787 4030 latitudinem
799 3979 954 4028 vanescebat.
