2918 4570
270 407 306 464 94
613 387 639 440 T
636 385 802 440 RANSLA
811 387 838 440 T
834 387 936 442 IONS

271 565 434 634 Cautibus
449 561 544 628 ae‘riis
559 559 687 624 haerens
702 580 711 637 ;
733 580 809 643 pars
825 579 929 623 saxea
944 560 1048 623 denso
1111 613 1115 620 .
1190 569 1196 580 '

272 685 426 756 Claustra
439 682 551 767 globo,
567 681 727 764 vanisque
742 681 852 744 aditus
868 678 1047 744 assultibus
1063 690 1178 764 urget:
1266 727 1270 735 -

272 809 350 871 Non
366 809 407 884 vi,
424 826 490 870 non
507 805 607 869 armis
623 806 721 868 usus:
743 811 835 867 vetat
851 802 956 866 ardua
970 800 1083 866 saltus

273 929 444 1013 Majestas‚
459 930 600 1011 totaque
615 925 720 990 hostis
736 923 892 988 defensor
906 923 951 988 ab
966 939 1049 988 arce.

274 1174 367 1256 Ergo
382 1171 602 1254 ubi-dejectos
618 1188 749 1244 cuneos,
765 1168 980 1250 crebramque
995 1186 1129 1229 suorum

274 1297 358 1361 Dux
372 1303 519 1377 stragem
535 1290 677 1376 aspexit,
694 1289 909 1384 revolutaque
925 1309 1064 1372 corpora
1078 1288 1155 1365 leto,

274 1417 363 1481 Tum
379 1415 686 1500 demumrevocata
702 1412 781 1490 acie,
797 1407 969 1498 fessusque
985 1411 1131 1474 residens

276 1537 406 1603 Orabat
421 1523 547 1619 pacem,
565 1544 599 1601 et
614 1533 743 1617 palmas
759 1533 921 1598 tendebat
936 1533 1086 1597 inermes.

274 1656 418 1740 Jamque
434 1677 452 1722 e
468 1655 607 1720 concilio
625 1656 721 1718 Ponti
738 1674 895 1736 responsa
910 1663 1088 1718 retrorsum

277 1779 397 1861 Legati
413 1777 559 1842 deferre:
582 1777 668 1842 viros
685 1796 751 1839 non
767 1774 822 1840 ille
837 1786 1009 1841 cruentum

277 1902 416 1965 Poscere
431 1899 630 1983 supplicium
646 1919 754 1962 saevus
766 1918 880 1977 ;-sua
895 1898 957 1962 sub
969 1898 1051 1981 juga
1067 1893 1175 1961 missis

277 2025 347 2089 Dat
363 2022 471 2102 foedus
486 2041 671 2107 pacemque
685 2040 694 2099 ;
717 2040 818 2085 unam
834 2018 920 2084 hanc
936 2042 981 2084 ex
995 2019 1093 2084 hoste
1110 2019 1245 2104 requirit

277 2145 478 2221 Mercedem,
495 2143 558 2208 hoc
575 2163 676 2210 unum
693 2143 762 2210 vita
777 2163 839 2227 pro
853 2143 979 2230 sospite
996 2163 1125 2208 munus.

279 2375 408 2462 Audiit,
425 2394 459 2448 et
474 2385 592 2468 legem,
609 2388 676 2469 qud
692 2405 781 2450 mors
796 2406 863 2450 non
879 2385 980 2449 dirior
995 2383 1075 2468 ipsa,

281 2507 403 2573 Palluit
419 2495 568 2571 auditam
585 2506 701 2571 miles:
723 2507 853 2584 subiere
870 2528 1037 2590 regressus

279 2627 449 2716 imbelles,
466 2627 573 2692 socias
588 2627 690 2692 subiit
704 2627 759 2693 via
774 2627 865 2692 foeda
881 2649 941 2712 per
956 2630 1063 2706 urbes,

283 2752 337 2826 Et,
355 2748 453 2833 longe
468 2749 629 2833 graviora,
645 2770 714 2813 suae
730 2749 873 2820 ludibria
890 2725 1019 2822 Romae.

282 2870 359 2953 Jam
376 2870 514 2935 dubium
526 2865 654 2954 ¹pariter
668 2869 797 2954 vulgus
815 2870 1003 2954 pariterque
1019 2869 1142 2946 tribuni

285 2993 385 3057 Stant
401 3001 536 3055 maestos
552 2991 655 3055 defixi
672 2991 805 3056 oculos:
825 2991 896 3075 jam
913 2991 1037 3056 lumine
1052 2989 1162 3075 signat

285 3103 436 3196 Quisque
451 3111 588 3175 ducem:
610 3120 724 3176 tamen
740 3112 795 3177 ille
810 3113 894 3190 silet,
911 3087 1085 3197 tectusque
1100 3123 1230 3179 recusat

285 3233 360 3300 Aut
375 3231 478 3296 fando
493 3232 619 3295 sancire
634 3252 760 3314 graves,
777 3243 835 3297 aut
851 3256 1012 3317 spernere,
1029 3256 1154 3319 poenas.

288 3356 386 3421 Unus
402 3364 481 3432 erat,
497 3354 554 3438 qui
570 3355 707 3420 tandem
723 3366 840 3421 auctor
854 3358 985 3423 firmare
1000 3357 1132 3423 sodales

288 3477 411 3555 Ausus,
427 3488 461 3544 et
476 3478 637 3561 ancipites
652 3478 765 3544 animo
781 3479 949 3565 depellere
964 3503 1068 3559 curas,

290 3599 462 3677 Lentulus,
477 3600 562 3665 hanc
578 3601 651 3667 diro
666 3603 841 3684 rumpebat
856 3613 1006 3687 tempore
1021 3625 1159 3684 vocem;

291 3729 298 3757 ‘
313 3722 474 3806 Egregias
489 3743 567 3786 vero
582 3722 697 3788 laudes
712 3722 775 3788 hac
792 3734 898 3789 morte
914 3746 1080 3789 meremur

292 3843 369 3908 ‘De
384 3845 501 3928 patriai,
517 3865 539 3909 o
554 3843 643 3922 socii,
660 3846 781 3910 vacuas
799 3846 854 3911 ubi
871 3845 976 3911 milite
993 3857 1099 3911 turres
