2918 4570
565 360 658 413 AND
682 361 831 416 POEMS.
1149 377 1195 416 111

197 1283 270 1348 En!
294 1306 419 1368 caespes
434 1288 558 1370 passim
575 1299 711 1372 propter
725 1291 873 1374 coryleta
887 1292 1039 1357 virescit:

241 1406 370 1471 Hortus
389 1409 433 1472 ibi
449 1419 483 1473 et
499 1410 630 1474 suboles
647 1413 736 1476 nuda
751 1411 841 1478 suere
856 1414 998 1478 domus:

193 1526 245 1592 At
260 1527 345 1592 loliis
361 1530 507 1594 obducta
519 1531 632 1613 jacent
644 1531 715 1613 jam
731 1553 815 1596 saxa
830 1534 978 1615 magalis,

240 1650 452 1734 Nominaque
468 1651 607 1716 afflictos
622 1652 801 1716 destituere
819 1654 929 1717 Lares

194 2017 258 2082 Illa
272 2026 395 2095 tamen,
412 2027 502 2082 trans
518 2037 679 2082 oceanum
695 2038 770 2101 quae
787 2026 899 2083 nostra
915 2016 1040 2102 relegat

170 2207 172 2210 ,
237 2138 315 2217 Ora,
332 2139 541 2222 peregrinum
557 2137 640 2203 fovit
655 2148 767 2203 amata
782 2159 899 2203 nemus
912 2160 921 2218 ;

193 2261 256 2324 Dis
271 2269 407 2343 aequant
422 2258 468 2324 ibi
485 2257 582 2322 laude
600 2257 690 2323 locos
706 2267 902 2343 montesque
917 2258 1035 2337 coloni,

235 2378 303 2463 Qui
319 2379 456 2461 cingunt
471 2388 600 2455 stratas,
616 2389 731 2444 sancta
747 2401 875 2457 corona,
892 2401 992 2446 casas.

191 2741 255 2820 Illi,
272 2744 384 2826 ignem
400 2742 442 2806 ad
460 2761 578 2817 serum,
595 2741 709 2817 saltus,
725 2742 903 2825 faucesque
916 2743 1082 2825 jugorum,

236 2862 272 2928 Si
288 2883 356 2946 qua
371 2862 454 2926 latet
469 2862 573 2939 vallis,
590 2863 617 2925 si
633 2883 700 2945 qua
716 2861 846 2937 sacella,
863 2872 1005 2926 canunt:

189 2983 257 3048 Ast
273 3005 331 3047 ora
347 2984 380 3045 in
397 2985 509 3047 medio
521 2985 593 3066 jam
609 2982 723 3046 nubila
738 2982 882 3045 carmine
899 2982 984 3064 rapti

239 3104 396 3169 Nominis
412 3114 446 3168 et
461 3125 574 3168 vacuae
591 3104 722 3168 miscuit
738 3104 785 3168 ira
799 3103 927 3168 domus.

189 3465 363 3544 Attamen,
379 3469 420 3533 o!
444 3469 513 3533 fido
528 3470 670 3552 patriam
687 3471 750 3535 sub
766 3471 864 3534 corde
881 3468 1036 3544 colentes,

237 3591 450 3672 Prosequitur
463 3591 565 3654 vestri
579 3612 639 3654 vos
654 3612 788 3674 quoque
804 3589 883 3655 civis
899 3611 1000 3665 amor,

192 3710 260 3795 Qui
277 3710 356 3775 fleat
371 3721 406 3774 et
420 3710 523 3775 valles
539 3733 663 3795 perque
680 3714 767 3777 invia
783 3712 895 3776 littora
909 3711 1017 3774 damis

236 3834 363 3900 Pabula
379 3834 577 3917 montivagis
592 3846 681 3902 tecta
691 3837 802 3920 jacere
817 3835 932 3901 virum.
