2872 4570
518 372 610 425 AND
632 371 781 426 POEMS.

622 950 679 1014 IV.

159 1155 189 1220 O
206 1168 303 1220 DEUS
318 1154 538 1236 armipotens!
562 1153 666 1236 rigido
682 1154 738 1236 qui
751 1153 824 1235 jure
840 1161 1000 1234 tyrannus

158 1276 306 1339 Marmor
323 1275 588 1357 Hyperboreum,
604 1275 660 1357 qui
677 1275 796 1356 frigore
811 1274 893 1339 dura
909 1276 1068 1339 Trionum

159 1397 278 1479 Regna
292 1396 422 1478 premiS,
439 1393 698 1478 Scythicumque
713 1394 807 1477 gelu:
830 1397 881 1458 cui
898 1396 1039 1460 Thracia
1055 1407 1148 1479 paret

159 1518 235 1593 Ora,
251 1517 311 1581 tibi
327 1537 403 1600 quae
418 1524 525 1579 servat
540 1536 651 1598 equos,
667 1516 727 1581 tibi
744 1515 851 1580 reddit
866 1516 1006 1581 honores

158 1639 361 1721 Praecipuos:
384 1658 575 1721 quanquam
592 1637 681 1700 nulla
697 1659 762 1701 non
779 1659 901 1702 numen
918 1640 951 1700 in
967 1642 1025 1702 ora

159 1760 233 1824 Stet
248 1760 318 1835 tibi,
334 1768 367 1822 et
383 1759 517 1822 arbitrio
533 1757 621 1821 solus
638 1760 764 1840 potiare
780 1759 891 1835 duelli,

158 1881 209 1944 Te
224 1901 325 1962 penes
341 1879 395 1943 ille
410 1900 513 1962 pavor
526 1878 613 1955 belli,
629 1880 680 1942 cui
696 1901 807 1943 currus
823 1881 913 1944 eunti

161 2004 311 2067 Heroum
327 2004 455 2067 incusso
470 2003 554 2066 vires
570 2011 691 2066 terrore
707 2002 871 2067 retundit:

159 2126 247 2188 Tum
264 2125 343 2188 fusae
359 2126 428 2188 sine
444 2124 518 2206 lege
533 2124 628 2199 acieS,
643 2132 715 2186 tum
732 2122 879 2187 cladibus
896 2125 998 2188 instat

160 2247 323 2321 Dedecus,
340 2255 375 2310 at
391 2245 493 2309 lassas
509 2245 612 2309 reficit
627 2245 676 2308 vis
692 2244 807 2308 addita
822 2255 955 2308 turmas.

159 2369 212 2432 Ne
228 2377 348 2442 tamen,
365 2369 515 2449 ingentes
531 2364 689 2430 adeo'tibi
706 2375 821 2431 nactus
837 2367 985 2444 honores,
1024 2406 1026 2415 ,

160 2490 214 2552 Ne
229 2497 357 2552 nostras
372 2497 549 2552 contemne
564 2508 694 2569 preces:
716 2498 751 2551 te
766 2489 792 2550 si
809 2510 875 2571 qua
890 2477 1045 2553 merentis

160 2612 248 2676 Cura
263 2611 328 2674 mei
343 2611 460 2692 tangit,
475 2610 589 2672 stricto
605 2610 632 2672 si
650 2610 799 2672 cominus
815 2631 893 2674 ense

160 2733 244 2796 Fata
260 2751 400 2816 sequens
416 2739 575 2806 extrema,
593 2751 709 2793 manus
724 2729 803 2794 dare
819 2731 945 2794 nescius
961 2730 1048 2798 hosti

161 2855 277 2918 Praelia
292 2854 449 2929 conserui,
465 2853 608 2935 patrium
624 2873 732 2936 neque
747 2873 884 2916 cernuus
900 2874 1019 2935 agmen

160 2976 323 3040 Destitui:
342 2975 413 3058 jam
430 2994 516 3036 nunc
531 2994 589 3037 oro
605 2980 647 3049 te,
663 2995 793 3056 magne,
808 2975 966 3057 triumphi

159 3097 307 3180 Auspice
322 3096 477 3161 dilectam
493 3095 580 3160 bello
597 3096 731 3161 duxisse
747 3095 899 3179 puellam.
