2918 4570
248 396 282 450 92
588 375 913 445 Tnnnsrnrrorus

245 555 471 622 Constemunt
487 552 601 631 Silam,
619 556 747 620 Boreali
761 556 904 632 turbine,
920 555 1065 633 frondes,

245 677 499 764 Apenninicolae
515 678 636 743 serrum
652 679 775 744 lethale
791 679 974 746 recludunt

246 924 391 1006 Jamque
407 922 478 986 ibat
493 922 649 987 Romana
664 923 790 1000 cohors,
807 944 922 988 secura
937 923 1056 989 futuri:

251 1046 315 1110 Illa
330 1066 390 1129 per
405 1043 549 1120 infestas,
566 1044 681 1109 fatalia
697 1045 820 1121 limina,
838 1045 950 1110 fauces

253 1168 444 1251 Intrepidos
459 1167 600 1232 celerare
615 1168 748 1250 gradus,
765 1169 919 1252 ultroque
935 1171 1064 1253 patenti

253 1289 396 1356 Credere
411 1309 447 1352 se
462 1309 603 1372 campo:
627 1288 751 1370 primus
767 1309 826 1371 per
840 1290 991 1371 gramina
1006 1291 1125 1355 ductor

254 1413 363 1494 Urget
378 1431 490 1493 equos
507 1419 669 1492 pratoque
684 1407 800 1474 volans
816 1411 959 1476 decurrit
975 1422 1102 1496 aperto.

254 1533 331 1598 Ah!
354 1533 487 1616 quantis
503 1542 615 1615 stupet
631 1533 686 1596 ille
702 1533 814 1609 oculis,
831 1535 888 1617 qui
905 1544 1033 1599 vertere
1048 1536 1156 1619 pallor
1255 1521 1257 1527 ’

256 1654 326 1721 Ora
341 1653 420 1718 viri!
443 1673 520 1717 cum
537 1652 679 1718 claustra
694 1649 791 1718 tuens
808 1675 972 1720 rarescere
987 1656 1082 1721 vallis

257 1777 397 1854 Ultima,
414 1785 598 1858 congestas,
615 1776 774 1840 immania
789 1775 961 1859 fragmina,
978 1782 1076 1861 rup'es
1114 1814 1117 1820 ·

256 1897 533 1982 Dejectasquein
549 1897 633 1962 calle
648 1898 760 1962 trabes
776 1899 921 1980 agnovit,
938 1908 972 1963 et
988 1921 1090 1977 arma,

257 2018 365 2083 Arma
380 2019 413 2082 in
429 2028 617 2083 transverso
632 2019 741 2082 dirdm
758 2018 922 2084 radiantia
937 2022 1049 2085 muro!

258 2141 349 2226 Quid
365 2140 488 2205 saciat?
511 2148 618 2206 totam
635 2161 744 2206 rursus
759 2143 983 2206 transmittere
997 2143 1119 2209 vallem

261 2262 407 2345 Cogitur,
424 2272 458 2326 et
474 2262 586 2326 fauces
601 2262 722 2326 iterum
737 2269 867 2326 tentare
883 2262 1020 2341 relictas,

261 2383 297 2450 Si
313 2405 380 2466 qua
395 2384 491 2466 fugae,
508 2384 536 2447 si
551 2384 649 2447 detur
664 2382 718 2459 ibi,
734 2383 762 2446 si
778 2383 863 2447 sorte
879 2393 1035 2467 potestas

262 2503 520 2587 Nequidquam:
546 2502 623 2568 huic
653 2503 745 2567 aditu
776 2513 888 2568 custos
918 2526 1017 2572 suus:
1047 2507 1101 2574 hlc
1130 2531 1264 2594 quoque

353 2625 487 2691 Samnis
942 2613 943 2616 ¹

264 2745 415 2825 Inuerat,
432 2745 614 2830 strictoque
628 2745 717 2810 viam
734 2765 891 2809 mucrone
906 2749 1050 2814 tenebat

265 2993 355 3056 Tum
370 3012 504 3074 quoque
519 3000 602 3073 quot
618 3011 767 3055 summos
783 2991 945 3058 obsidunt.
958 2992 1061 3058 millia
1075 2994 1179 3061 saltus

267 3113 444 3196 Apparent
459 3112 611 3175 detecta:
634 3111 713 3175 altis·
726 3122 865 3194 apparet
881 3114 915 3177 in
931 3115 1056 3180 umbris

265 3233 449 3296 Armorum
465 3232 559 3307 nitor,
576 3241 610 3296 et
625 3231 743 3315 clypei,
760 3221 1005 3319 sublustriaque
1021 3257 1097 3315 aera,

268 3354 314 3416 Et
329 3353 411 3417 tuba
426 3351 469 3415 de
485 3353 599 3434 patriis
615 3353 680 3418 ciet
695 3355 830 3436 agmina
845 3355 918 3420 dira
933 3354 1077 3424 latebris.

268 3475 468 3558 Agnoscunt
482 3495 599 3538 vocem
614 3474 823 3553 horrendam,
840 3487 874 3542 et
890 3476 1027 3544 lethalia
1042 3481 1138 3563 signa

271 3594 490 3659 Romulidum
506 3595 649 3660 turbatae
665 3597 759 3660 acies.
806 3597 917 3680 Quam
934 3618 1021 3664 nunc
1036 3600 1099 3665 sibi
1113 3603 1216 3668 valles

272 3717 419 3799 Ignotas,
435 3737 536 3798 quam
553 3725 671 3800 tesqua
686 3715 789 3781 velint
805 3738 871 3781 non
888 3728 978 3783 tacta
993 3721 1126 3786 duello!
1144 3764 1147 3769 -

272 3839 366 3923 Quos
382 3838 468 3904 hosti
485 3849 598 3904 manet
613 3850 782 3921 extremas
798 3841 842 3904 ibi
858 3841 1003 3924 pendere
1020 3865 1144 3927 poenaS,
