<?xml version="1.0" encoding="UTF-8"?>
<!DOCTYPE html PUBLIC "-//W3C//DTD XHTML 1.0 Transitional//EN"
    "http://www.w3.org/TR/xhtml1/DTD/xhtml1-transitional.dtd">
<html xmlns="http://www.w3.org/1999/xhtml" xml:lang="en" lang="en">
 <head>
  <title>
</title>
<meta http-equiv="Content-Type" content="text/html;charset=utf-8" />
  <meta name='ocr-system' content='tesseract 3.04.00' />
  <meta name='ocr-capabilities' content='ocr_page ocr_carea ocr_par ocr_line ocrx_word'/>
</head>
<body>
  <div class='ocr_page' id='page_1' title='image "./periculaurbisas00moorgoog_0110.png"; bbox 0 0 2918 4570; ppageno 0'>
   <div class='ocr_carea' id='block_1_1' title="bbox 531 357 1199 418">
    <p class='ocr_par' dir='ltr' id='par_1_1' title="bbox 531 357 1199 418">
     <span class='ocr_line' id='line_1_1' title="bbox 531 357 1199 418; baseline 0.003 -3"><span class='ocrx_word' id='word_1_1' title='bbox 531 366 535 376; x_wconf 76' lang='lat'><strong>⁴</strong></span> <span class='ocrx_word' id='word_1_2' title='bbox 566 357 659 416; x_wconf 80' lang='lat' dir='ltr'>AND</span> <span class='ocrx_word' id='word_1_3' title='bbox 682 361 833 416; x_wconf 88' lang='lat' dir='ltr'><em>POEMS.</em></span> <span class='ocrx_word' id='word_1_4' title='bbox 1154 379 1199 418; x_wconf 89' lang='lat' dir='ltr'>ror</span> 
     </span>
    </p>
   </div>
   <div class='ocr_carea' id='block_1_2' title="bbox 200 535 1122 1104">
    <p class='ocr_par' dir='ltr' id='par_1_2' title="bbox 200 535 1122 1104">
     <span class='ocr_line' id='line_1_2' title="bbox 200 535 1122 617; baseline 0 -17"><span class='ocrx_word' id='word_1_5' title='bbox 200 535 289 600; x_wconf 92' lang='lat' dir='ltr'>Tum</span> <span class='ocrx_word' id='word_1_6' title='bbox 305 536 442 600; x_wconf 88' lang='lat' dir='ltr'>demum</span> <span class='ocrx_word' id='word_1_7' title='bbox 459 535 580 612; x_wconf 79' lang='lat' dir='ltr'>Caesar,</span> <span class='ocrx_word' id='word_1_8' title='bbox 597 536 687 600; x_wconf 94' lang='lat' dir='ltr'>nullo</span> <span class='ocrx_word' id='word_1_9' title='bbox 703 535 851 611; x_wconf 89' lang='lat' dir='ltr'>custode,</span> <span class='ocrx_word' id='word_1_10' title='bbox 868 555 1060 617; x_wconf 90' lang='lat' dir='ltr'>supremum</span> <span class='ocrx_word' id='word_1_11' title='bbox 1118 541 1122 552; x_wconf 72' lang='grc'><em>“</em></span> 
     </span>
     <span class='ocr_line' id='line_1_3' title="bbox 202 656 971 739; baseline -0.003 -17"><span class='ocrx_word' id='word_1_12' title='bbox 202 659 264 722; x_wconf 89' lang='lat' dir='ltr'>Per</span> <span class='ocrx_word' id='word_1_13' title='bbox 279 657 407 720; x_wconf 90' lang='lat' dir='ltr'>medios</span> <span class='ocrx_word' id='word_1_14' title='bbox 422 656 546 721; x_wconf 80' lang='lat' dir='ltr'>incedit</span> <span class='ocrx_word' id='word_1_15' title='bbox 562 657 642 722; x_wconf 88' lang='lat' dir='ltr'>iter:</span> <span class='ocrx_word' id='word_1_16' title='bbox 665 677 731 720; x_wconf 94' lang='lat' dir='ltr'>non</span> <span class='ocrx_word' id='word_1_17' title='bbox 747 657 803 722; x_wconf 91' lang='lat' dir='ltr'>ille</span> <span class='ocrx_word' id='word_1_18' title='bbox 818 657 971 739; x_wconf 90' lang='lat' dir='ltr'>tyrannis</span> 
     </span>
     <span class='ocr_line' id='line_1_4' title="bbox 201 777 983 861; baseline -0.003 -19"><span class='ocrx_word' id='word_1_19' title='bbox 201 777 353 861; x_wconf 84' lang='lat' dir='ltr'>Quaesito</span> <span class='ocrx_word' id='word_1_20' title='bbox 368 777 494 842; x_wconf 86' lang='lat' dir='ltr'>auxilio</span> <span class='ocrx_word' id='word_1_21' title='bbox 510 787 544 842; x_wconf 93' lang='lat' dir='ltr'>et</span> <span class='ocrx_word' id='word_1_22' title='bbox 559 777 641 842; x_wconf 91' lang='lat' dir='ltr'>tutis</span> <span class='ocrx_word' id='word_1_23' title='bbox 656 800 692 842; x_wconf 93' lang='lat' dir='ltr'>se</span> <span class='ocrx_word' id='word_1_24' title='bbox 707 787 856 861; x_wconf 86' lang='lat' dir='ltr'><strong>sepserat</strong></span> <span class='ocrx_word' id='word_1_25' title='bbox 872 777 983 855; x_wconf 87' lang='lat' dir='ltr'>armis,</span> 
     </span>
     <span class='ocr_line' id='line_1_5' title="bbox 202 897 1002 981; baseline -0.004 -17"><span class='ocrx_word' id='word_1_26' title='bbox 202 898 354 964; x_wconf 89' lang='lat' dir='ltr'>Sollicito</span> <span class='ocrx_word' id='word_1_27' title='bbox 370 897 546 981; x_wconf 87' lang='lat' dir='ltr'>indulgens</span> <span class='ocrx_word' id='word_1_28' title='bbox 561 901 693 964; x_wconf 91' lang='lat' dir='ltr'>animo:</span> <span class='ocrx_word' id='word_1_29' title='bbox 717 921 784 964; x_wconf 92' lang='lat' dir='ltr'>non</span> <span class='ocrx_word' id='word_1_30' title='bbox 800 899 897 964; x_wconf 84' lang='lat' dir='ltr'>lictor</span> <span class='ocrx_word' id='word_1_31' title='bbox 910 899 1002 964; x_wconf 93' lang='lat' dir='ltr'>eunti</span> 
     </span>
     <span class='ocr_line' id='line_1_6' title="bbox 200 1018 1005 1104; baseline 0.002 -21"><span class='ocrx_word' id='word_1_32' title='bbox 200 1020 340 1084; x_wconf 89' lang='lat' dir='ltr'>Vibrare</span> <span class='ocrx_word' id='word_1_33' title='bbox 355 1018 535 1083; x_wconf 89' lang='lat' dir='ltr'>horrendas</span> <span class='ocrx_word' id='word_1_34' title='bbox 551 1019 675 1099; x_wconf 90' lang='lat' dir='ltr'>sasces;</span> <span class='ocrx_word' id='word_1_35' title='bbox 699 1020 758 1085; x_wconf 92' lang='lat' dir='ltr'>sed</span> <span class='ocrx_word' id='word_1_36' title='bbox 774 1020 884 1104; x_wconf 91' lang='lat' dir='ltr'>qualis</span> <span class='ocrx_word' id='word_1_37' title='bbox 899 1021 1005 1086; x_wconf 86' lang='lat' dir='ltr'>inibat</span> 
     </span>
    </p>
   </div>
   <div class='ocr_carea' id='block_1_3' title="bbox 201 1140 997 1227">
    <p class='ocr_par' dir='ltr' id='par_1_3' title="bbox 201 1140 997 1227">
     <span class='ocr_line' id='line_1_7' title="bbox 201 1140 997 1227; baseline 0.005 -21"><span class='ocrx_word' id='word_1_38' title='bbox 201 1140 336 1218; x_wconf 85' lang='lat' dir='ltr'>Balnea,</span> <span class='ocrx_word' id='word_1_39' title='bbox 351 1141 403 1206; x_wconf 91' lang='lat' dir='ltr'>vel</span> <span class='ocrx_word' id='word_1_40' title='bbox 419 1163 550 1206; x_wconf 90' lang='lat' dir='ltr'>mensas</span> <span class='ocrx_word' id='word_1_41' title='bbox 565 1142 684 1208; x_wconf 83' lang='lat' dir='ltr'>hilares</span> <span class='ocrx_word' id='word_1_42' title='bbox 699 1144 837 1209; x_wconf 88' lang='lat' dir='ltr'>conviva</span> <span class='ocrx_word' id='word_1_43' title='bbox 852 1146 997 1227; x_wconf 88' lang='lat' dir='ltr'>petebat,</span> 
     </span>
    </p>
   </div>
   <div class='ocr_carea' id='block_1_4' title="bbox 202 1261 832 1347">
    <p class='ocr_par' dir='ltr' id='par_1_4' title="bbox 202 1261 832 1347">
     <span class='ocr_line' id='line_1_8' title="bbox 202 1261 832 1347; baseline 0.006 -20"><span class='ocrx_word' id='word_1_44' title='bbox 202 1261 300 1327; x_wconf 89' lang='lat' dir='ltr'>Solus</span> <span class='ocrx_word' id='word_1_45' title='bbox 316 1262 456 1328; x_wconf 81' lang='lat' dir='ltr'>funestae</span> <span class='ocrx_word' id='word_1_46' title='bbox 472 1263 621 1329; x_wconf 87' lang='lat' dir='ltr'>succedit</span> <span class='ocrx_word' id='word_1_47' title='bbox 635 1264 744 1347; x_wconf 86' lang='lat' dir='ltr'>Julius</span> <span class='ocrx_word' id='word_1_48' title='bbox 760 1265 832 1331; x_wconf 89' lang='lat' dir='ltr'>aedi.</span> 
     </span>
    </p>
   </div>
   <div class='ocr_carea' id='block_1_5' title="bbox 200 1508 1065 2319">
    <p class='ocr_par' dir='ltr' id='par_1_5' title="bbox 200 1508 1065 2319">
     <span class='ocr_line' id='line_1_9' title="bbox 200 1508 986 1593; baseline 0.001 -20"><span class='ocrx_word' id='word_1_49' title='bbox 200 1508 311 1591; x_wconf 90' lang='lat' dir='ltr'>Janua</span> <span class='ocrx_word' id='word_1_50' title='bbox 326 1517 362 1574; x_wconf 97' lang='lat' dir='ltr'>at</span> <span class='ocrx_word' id='word_1_51' title='bbox 377 1508 524 1593; x_wconf 90' lang='lat' dir='ltr'>ingresso</span> <span class='ocrx_word' id='word_1_52' title='bbox 539 1509 691 1576; x_wconf 92' lang='lat' dir='ltr'>stridenti</span> <span class='ocrx_word' id='word_1_53' title='bbox 707 1511 842 1575; x_wconf 90' lang='lat' dir='ltr'>cardine</span> <span class='ocrx_word' id='word_1_54' title='bbox 857 1532 986 1576; x_wconf 87' lang='lat' dir='ltr'>rursum</span> 
     </span>
     <span class='ocr_line' id='line_1_10' title="bbox 201 1631 1037 1714; baseline 0.001 -20"><span class='ocrx_word' id='word_1_55' title='bbox 201 1631 374 1694; x_wconf 91' lang='lat' dir='ltr'>Volvitur:</span> <span class='ocrx_word' id='word_1_56' title='bbox 398 1634 500 1694; x_wconf 72' lang='lat' dir='ltr'>aerata</span> <span class='ocrx_word' id='word_1_57' title='bbox 516 1631 659 1696; x_wconf 89' lang='lat' dir='ltr'>reditum</span> <span class='ocrx_word' id='word_1_58' title='bbox 676 1641 776 1714; x_wconf 90' lang='lat' dir='ltr'>negat</span> <span class='ocrx_word' id='word_1_59' title='bbox 792 1631 899 1714; x_wconf 89' lang='lat' dir='ltr'>objice</span> <span class='ocrx_word' id='word_1_60' title='bbox 914 1632 1037 1712; x_wconf 91' lang='lat' dir='ltr'>vectis;</span> 
     </span>
     <span class='ocr_line' id='line_1_11' title="bbox 202 1750 973 1834; baseline 0.001 -19"><span class='ocrx_word' id='word_1_61' title='bbox 202 1750 280 1834; x_wconf 87' lang='lat' dir='ltr'>Quo</span> <span class='ocrx_word' id='word_1_62' title='bbox 296 1760 397 1826; x_wconf 91' lang='lat' dir='ltr'>moto,</span> <span class='ocrx_word' id='word_1_63' title='bbox 410 1773 470 1816; x_wconf 92' lang='lat' dir='ltr'>ceu</span> <span class='ocrx_word' id='word_1_64' title='bbox 486 1750 623 1816; x_wconf 84' lang='lat' dir='ltr'>fatidico</span> <span class='ocrx_word' id='word_1_65' title='bbox 637 1773 742 1817; x_wconf 89' lang='lat' dir='ltr'>vacua</span> <span class='ocrx_word' id='word_1_66' title='bbox 757 1750 834 1816; x_wconf 89' lang='lat' dir='ltr'>aula</span> <span class='ocrx_word' id='word_1_67' title='bbox 848 1752 973 1817; x_wconf 85' lang='lat' dir='ltr'>tonitru</span> 
     </span>
     <span class='ocr_line' id='line_1_12' title="bbox 202 1870 1005 1956; baseline 0.004 -20"><span class='ocrx_word' id='word_1_68' title='bbox 202 1871 398 1946; x_wconf 92' lang='lat' dir='ltr'>Contremit‚</span> <span class='ocrx_word' id='word_1_69' title='bbox 415 1880 449 1936; x_wconf 91' lang='lat' dir='ltr'>et</span> <span class='ocrx_word' id='word_1_70' title='bbox 465 1870 534 1935; x_wconf 70' lang='lat' dir='ltr'>fixa</span> <span class='ocrx_word' id='word_1_71' title='bbox 550 1894 678 1936; x_wconf 91' lang='lat' dir='ltr'>rursum</span> <span class='ocrx_word' id='word_1_72' title='bbox 694 1894 857 1956; x_wconf 85' lang='lat' dir='ltr'>compage</span> <span class='ocrx_word' id='word_1_73' title='bbox 872 1873 1005 1939; x_wconf 91' lang='lat' dir='ltr'>silescit.</span> 
     </span>
     <span class='ocr_line' id='line_1_13' title="bbox 203 1994 921 2077; baseline -0.003 -17"><span class='ocrx_word' id='word_1_74' title='bbox 203 1994 271 2060; x_wconf 94' lang='lat' dir='ltr'>Olli</span> <span class='ocrx_word' id='word_1_75' title='bbox 288 2015 354 2057; x_wconf 94' lang='lat' dir='ltr'>non</span> <span class='ocrx_word' id='word_1_76' title='bbox 369 2015 467 2058; x_wconf 92' lang='lat' dir='ltr'>voces</span> <span class='ocrx_word' id='word_1_77' title='bbox 483 2004 584 2077; x_wconf 90' lang='lat' dir='ltr'>atque</span> <span class='ocrx_word' id='word_1_78' title='bbox 600 1994 805 2059; x_wconf 86' lang='lat' dir='ltr'>irremeabile</span> <span class='ocrx_word' id='word_1_79' title='bbox 821 1994 921 2058; x_wconf 91' lang='lat' dir='ltr'>limen</span> 
     </span>
     <span class='ocr_line' id='line_1_14' title="bbox 203 2115 979 2198; baseline 0.003 -21"><span class='ocrx_word' id='word_1_80' title='bbox 203 2115 379 2198; x_wconf 92' lang='lat' dir='ltr'>Impavido</span> <span class='ocrx_word' id='word_1_81' title='bbox 394 2115 500 2180; x_wconf 84' lang='lat' dir='ltr'>secere</span> <span class='ocrx_word' id='word_1_82' title='bbox 516 2137 645 2196; x_wconf 90' lang='lat' dir='ltr'>moras;</span> <span class='ocrx_word' id='word_1_83' title='bbox 669 2117 716 2180; x_wconf 92' lang='lat' dir='ltr'>ita</span> <span class='ocrx_word' id='word_1_84' title='bbox 731 2115 855 2180; x_wconf 92' lang='lat' dir='ltr'>lumine</span> <span class='ocrx_word' id='word_1_85' title='bbox 871 2125 979 2181; x_wconf 89' lang='lat' dir='ltr'>rectus</span> 
     </span>
     <span class='ocr_line' id='line_1_15' title="bbox 202 2236 1065 2319; baseline 0.003 -20"><span class='ocrx_word' id='word_1_86' title='bbox 202 2236 393 2319; x_wconf 81' lang='lat' dir='ltr'>ingreditur</span> <span class='ocrx_word' id='word_1_87' title='bbox 407 2237 486 2315; x_wconf 86' lang='lat' dir='ltr'>fixo,</span> <span class='ocrx_word' id='word_1_88' title='bbox 503 2246 536 2302; x_wconf 93' lang='lat' dir='ltr'>et</span> <span class='ocrx_word' id='word_1_89' title='bbox 552 2237 671 2301; x_wconf 94' lang='lat' dir='ltr'>solium</span> <span class='ocrx_word' id='word_1_90' title='bbox 687 2237 880 2302; x_wconf 92' lang='lat' dir='ltr'>conscendit</span> <span class='ocrx_word' id='word_1_91' title='bbox 895 2238 1065 2302; x_wconf 91' lang='lat' dir='ltr'>eburnum.</span> 
     </span>
    </p>
   </div>
   <div class='ocr_carea' id='block_1_6' title="bbox 202 2478 1162 3657">
    <p class='ocr_par' dir='ltr' id='par_1_6' title="bbox 202 2478 1026 2563">
     <span class='ocr_line' id='line_1_16' title="bbox 202 2478 1026 2563; baseline -0.002 -21"><span class='ocrx_word' id='word_1_92' title='bbox 202 2479 346 2563; x_wconf 88' lang='lat' dir='ltr'>Jamque</span> <span class='ocrx_word' id='word_1_93' title='bbox 362 2480 562 2546; x_wconf 90' lang='lat' dir='ltr'>residentem</span> <span class='ocrx_word' id='word_1_94' title='bbox 578 2479 700 2544; x_wconf 90' lang='lat' dir='ltr'>circum</span> <span class='ocrx_word' id='word_1_95' title='bbox 716 2478 874 2544; x_wconf 93' lang='lat' dir='ltr'>subsellia</span> <span class='ocrx_word' id='word_1_96' title='bbox 890 2479 1026 2543; x_wconf 91' lang='lat' dir='ltr'>Patrum</span> 
     </span>
    </p>

    <p class='ocr_par' dir='ltr' id='par_1_7' title="bbox 204 2599 1162 3047">
     <span class='ocr_line' id='line_1_17' title="bbox 204 2599 1162 2687; baseline -0.002 -22"><span class='ocrx_word' id='word_1_97' title='bbox 204 2602 308 2666; x_wconf 91' lang='lat' dir='ltr'>Plena</span> <span class='ocrx_word' id='word_1_98' title='bbox 322 2611 481 2687; x_wconf 91' lang='lat' dir='ltr'>crepant:</span> <span class='ocrx_word' id='word_1_99' title='bbox 505 2623 581 2686; x_wconf 88' lang='lat' dir='ltr'>quae</span> <span class='ocrx_word' id='word_1_100' title='bbox 596 2603 704 2685; x_wconf 90' lang='lat' dir='ltr'>prima</span> <span class='ocrx_word' id='word_1_101' title='bbox 719 2602 806 2667; x_wconf 89' lang='lat' dir='ltr'>inter</span> <span class='ocrx_word' id='word_1_102' title='bbox 820 2602 892 2666; x_wconf 88' lang='lat' dir='ltr'>dux</span> <span class='ocrx_word' id='word_1_103' title='bbox 908 2601 1044 2684; x_wconf 87' lang='lat' dir='ltr'>agmina</span> <span class='ocrx_word' id='word_1_104' title='bbox 1059 2599 1162 2665; x_wconf 86' lang='lat' dir='ltr'>caedis</span> 
     </span>
     <span class='ocr_line' id='line_1_18' title="bbox 204 2721 1049 2807; baseline -0.001 -20"><span class='ocrx_word' id='word_1_105' title='bbox 204 2722 346 2789; x_wconf 91' lang='lat' dir='ltr'>Conscia</span> <span class='ocrx_word' id='word_1_106' title='bbox 361 2725 534 2807; x_wconf 88' lang='lat' dir='ltr'>disposuit,</span> <span class='ocrx_word' id='word_1_107' title='bbox 550 2744 734 2806; x_wconf 89' lang='lat' dir='ltr'>pacemque</span> <span class='ocrx_word' id='word_1_108' title='bbox 749 2722 880 2787; x_wconf 91' lang='lat' dir='ltr'>imitata</span> <span class='ocrx_word' id='word_1_109' title='bbox 894 2721 1049 2786; x_wconf 89' lang='lat' dir='ltr'>decoram</span> 
     </span>
     <span class='ocr_line' id='line_1_19' title="bbox 204 2842 1103 2925; baseline -0.001 -18"><span class='ocrx_word' id='word_1_110' title='bbox 204 2842 396 2908; x_wconf 89' lang='lat' dir='ltr'>Cinctibus:</span> <span class='ocrx_word' id='word_1_111' title='bbox 420 2853 455 2908; x_wconf 92' lang='lat' dir='ltr'>at</span> <span class='ocrx_word' id='word_1_112' title='bbox 470 2842 591 2907; x_wconf 82' lang='lat' dir='ltr'>serrum</span> <span class='ocrx_word' id='word_1_113' title='bbox 607 2844 728 2908; x_wconf 76' lang='lat' dir='ltr'>dextra</span> <span class='ocrx_word' id='word_1_114' title='bbox 743 2842 931 2925; x_wconf 88' lang='lat' dir='ltr'>trepidante</span> <span class='ocrx_word' id='word_1_115' title='bbox 947 2849 1103 2906; x_wconf 89' lang='lat' dir='ltr'>retractat</span> 
     </span>
     <span class='ocr_line' id='line_1_20' title="bbox 204 2962 1061 3047; baseline 0.001 -20"><span class='ocrx_word' id='word_1_116' title='bbox 204 2963 355 3047; x_wconf 84' lang='lat' dir='ltr'>Quisque</span> <span class='ocrx_word' id='word_1_117' title='bbox 371 2963 469 3039; x_wconf 87' lang='lat' dir='ltr'>intus,</span> <span class='ocrx_word' id='word_1_118' title='bbox 485 2962 613 3046; x_wconf 93' lang='lat' dir='ltr'>dirique</span> <span class='ocrx_word' id='word_1_119' title='bbox 628 2963 741 3027; x_wconf 93' lang='lat' dir='ltr'>tremit</span> <span class='ocrx_word' id='word_1_120' title='bbox 756 2962 937 3046; x_wconf 90' lang='lat' dir='ltr'>primordia</span> <span class='ocrx_word' id='word_1_121' title='bbox 951 2963 1061 3045; x_wconf 89' lang='lat' dir='ltr'>coepti.</span> 
     </span>
    </p>

    <p class='ocr_par' dir='ltr' id='par_1_8' title="bbox 205 3082 1125 3531">
     <span class='ocr_line' id='line_1_21' title="bbox 205 3082 1096 3166; baseline 0.003 -17"><span class='ocrx_word' id='word_1_122' title='bbox 205 3086 283 3149; x_wconf 94' lang='lat' dir='ltr'>Non</span> <span class='ocrx_word' id='word_1_123' title='bbox 299 3085 346 3151; x_wconf 91' lang='lat' dir='ltr'>sic</span> <span class='ocrx_word' id='word_1_124' title='bbox 362 3084 506 3166; x_wconf 90' lang='lat' dir='ltr'>flamma,</span> <span class='ocrx_word' id='word_1_125' title='bbox 524 3092 656 3154; x_wconf 84' lang='lat' dir='ltr'>recente</span> <span class='ocrx_word' id='word_1_126' title='bbox 671 3082 755 3161; x_wconf 80' lang='lat' dir='ltr'>iocO,</span> <span class='ocrx_word' id='word_1_127' title='bbox 771 3083 963 3149; x_wconf 90' lang='lat' dir='ltr'>circumflua</span> <span class='ocrx_word' id='word_1_128' title='bbox 978 3083 1096 3152; x_wconf 91' lang='lat' dir='ltr'>lambit</span> 
     </span>
     <span class='ocr_line' id='line_1_22' title="bbox 205 3206 1019 3291; baseline -0.001 -19"><span class='ocrx_word' id='word_1_129' title='bbox 205 3207 375 3273; x_wconf 87' lang='lat' dir='ltr'>Carbones</span> <span class='ocrx_word' id='word_1_130' title='bbox 391 3207 521 3284; x_wconf 90' lang='lat' dir='ltr'>nitidos,</span> <span class='ocrx_word' id='word_1_131' title='bbox 537 3206 728 3291; x_wconf 91' lang='lat' dir='ltr'>siccumque</span> <span class='ocrx_word' id='word_1_132' title='bbox 743 3206 867 3290; x_wconf 88' lang='lat' dir='ltr'>uligine</span> <span class='ocrx_word' id='word_1_133' title='bbox 882 3206 1019 3290; x_wconf 79' lang='lat' dir='ltr'>lignum,</span> 
     </span>
     <span class='ocr_line' id='line_1_23' title="bbox 206 3327 1125 3414; baseline -0.002 -20"><span class='ocrx_word' id='word_1_134' title='bbox 206 3330 447 3414; x_wconf 91' lang='lat' dir='ltr'>Grassaturque</span> <span class='ocrx_word' id='word_1_135' title='bbox 462 3328 541 3394; x_wconf 93' lang='lat' dir='ltr'>dolo</span> <span class='ocrx_word' id='word_1_136' title='bbox 556 3327 723 3410; x_wconf 77' lang='lat' dir='ltr'>primum:</span> <span class='ocrx_word' id='word_1_137' title='bbox 746 3347 828 3392; x_wconf 86' lang='lat' dir='ltr'>mox</span> <span class='ocrx_word' id='word_1_138' title='bbox 844 3327 947 3392; x_wconf 86' lang='lat' dir='ltr'>fraena</span> <span class='ocrx_word' id='word_1_139' title='bbox 962 3349 1125 3407; x_wconf 90' lang='lat' dir='ltr'>recusans,</span> 
     </span>
     <span class='ocr_line' id='line_1_24' title="bbox 206 3448 1003 3531; baseline -0.001 -17"><span class='ocrx_word' id='word_1_140' title='bbox 206 3453 252 3516; x_wconf 90' lang='lat' dir='ltr'>Et</span> <span class='ocrx_word' id='word_1_141' title='bbox 267 3452 385 3515; x_wconf 92' lang='lat' dir='ltr'>molles</span> <span class='ocrx_word' id='word_1_142' title='bbox 400 3460 505 3516; x_wconf 89' lang='lat' dir='ltr'>exuta</span> <span class='ocrx_word' id='word_1_143' title='bbox 519 3452 658 3527; x_wconf 86' lang='lat' dir='ltr'>animos,</span> <span class='ocrx_word' id='word_1_144' title='bbox 674 3450 812 3514; x_wconf 91' lang='lat' dir='ltr'>ambesa</span> <span class='ocrx_word' id='word_1_145' title='bbox 826 3448 1003 3531; x_wconf 91' lang='lat' dir='ltr'>prehendit</span> 
     </span>
    </p>

    <p class='ocr_par' dir='ltr' id='par_1_9' title="bbox 206 3570 1068 3657">
     <span class='ocr_line' id='line_1_25' title="bbox 206 3570 1068 3657; baseline -0.003 -21"><span class='ocrx_word' id='word_1_146' title='bbox 206 3574 342 3637; x_wconf 91' lang='lat' dir='ltr'>Robora</span> <span class='ocrx_word' id='word_1_147' title='bbox 357 3574 613 3657; x_wconf 86' lang='lat' dir='ltr'>congeriemque</span> <span class='ocrx_word' id='word_1_148' title='bbox 629 3571 783 3636; x_wconf 90' lang='lat' dir='ltr'>incendia</span> <span class='ocrx_word' id='word_1_149' title='bbox 796 3572 890 3635; x_wconf 92' lang='lat' dir='ltr'>vexit</span> <span class='ocrx_word' id='word_1_150' title='bbox 906 3570 940 3634; x_wconf 93' lang='lat' dir='ltr'>in</span> <span class='ocrx_word' id='word_1_151' title='bbox 956 3571 1068 3642; x_wconf 51' lang='lat' dir='ltr'>imam⁹</span> 
     </span>
    </p>
   </div>
   <div class='ocr_carea' id='block_1_7' title="bbox 207 3811 1154 3898">
    <p class='ocr_par' dir='ltr' id='par_1_10' title="bbox 207 3811 1154 3898">
     <span class='ocr_line' id='line_1_26' title="bbox 207 3811 1154 3898; baseline -0.003 -20"><span class='ocrx_word' id='word_1_152' title='bbox 207 3815 280 3880; x_wconf 81' lang='lat' dir='ltr'>Nec</span> <span class='ocrx_word' id='word_1_153' title='bbox 295 3814 396 3898; x_wconf 90' lang='lat' dir='ltr'>longa</span> <span class='ocrx_word' id='word_1_154' title='bbox 411 3815 571 3880; x_wconf 91' lang='lat' dir='ltr'>obstabat</span> <span class='ocrx_word' id='word_1_155' title='bbox 583 3813 720 3897; x_wconf 89' lang='lat' dir='ltr'>trepidis</span> <span class='ocrx_word' id='word_1_156' title='bbox 737 3833 851 3878; x_wconf 87' lang='lat' dir='ltr'>mora:</span> <span class='ocrx_word' id='word_1_157' title='bbox 874 3813 1001 3896; x_wconf 92' lang='lat' dir='ltr'>poplite</span> <span class='ocrx_word' id='word_1_158' title='bbox 1017 3811 1154 3878; x_wconf 88' lang='lat' dir='ltr'>Cimber</span> 
     </span>
    </p>
   </div>
   <div class='ocr_carea' id='block_1_8' title="bbox 0 0 1474 4570">
    <p class='ocr_par' dir='ltr' id='par_1_11' title="bbox 0 0 1474 4570">
     <span class='ocr_line' id='line_1_27' title="bbox 0 0 1474 4570; baseline 0 0"><span class='ocrx_word' id='word_1_159' title='bbox 0 0 1474 4570; x_wconf 95' lang='lat' dir='ltr'> </span> 
     </span>
    </p>
   </div>
  </div>
 </body>
</html>
