2918 4570
547 364 640 416 AND
663 365 814 419 POEMS.

313 537 361 600 'Et
377 546 466 600 tecta
481 537 626 600 vicorum
643 537 782 620 hispida,
799 548 834 602 et
849 537 971 602 aedium

315 659 421 723 Tenui
431 659 595 740 juvabunt
610 659 684 723 luce
699 660 880 737 cacumina,

360 783 406 846 Et
422 803 496 864 quae
512 803 571 864 per
586 781 758 846 intervalla
773 782 932 864 clangunt

403 904 483 967 AEra
500 903 632 985 procul:
656 905 876 988 tenebrasque
891 907 934 969 ab
950 903 1019 969 alto

314 1123 482 1188 Trahente
498 1124 598 1201 lento,
615 1126 751 1202 roscida,
768 1136 802 1191 te
818 1127 900 1202 sinu,

315 1245 472 1309 Obducta
487 1246 566 1309 seris
582 1256 702 1310 cuncta
717 1248 915 1330 crepusculis
930 1269 937 1311 :

359 1366 389 1432 O
406 1388 497 1430 more
514 1367 640 1431 solenni
657 1367 802 1432 refusum

400 1490 470 1553 Ver
485 1489 616 1570 quoties
631 1489 700 1564 tibi,
719 1490 814 1565 Diva,
832 1490 931 1572 largis

316 1703 432 1768 Crines
447 1700 567 1763 odoros
582 1699 704 1782 proluit
719 1699 888 1775 imbribus,

313 1820 378 1886 Vel
393 1819 520 1903 gaudet
534 1821 648 1883 AEstas
664 1819 766 1882 serius
783 1820 825 1883 ad
841 1829 934 1884 tuam

360 1941 494 2004 Lusisse
509 1940 637 2018 lucem3
661 1939 713 2004 vel
730 1941 823 2004 ruina

404 2059 548 2124 Decolor
563 2063 596 2124 in
612 2061 774 2142 gremium
790 2061 942 2126 cubantis

315 2283 509 2348 Autumnus
524 2281 609 2347 altas
625 2283 714 2366 cogit
729 2304 832 2366 agens
848 2304 969 2360 comas

316 2406 380 2470 Vel
396 2426 485 2469 saeva
499 2405 640 2469 amictus
655 2405 776 2470 scindit
793 2406 925 2489 Hyems
940 2416 1015 2471 tuos

361 2526 512 2592 Stridens
527 2548 587 2609 per
601 2547 754 2591 aurarum
769 2528 961 2604 tumultum,

405 2648 450 2711 Et
466 2647 592 2711 socium
608 2648 669 2711 tibi
685 2657 785 2711 terret
802 2668 932 2730 agmen,

318 2872 405 2934 Tum
423 2891 524 2952 regna
539 2891 708 2953 nunquam
725 2891 791 2933 non
807 2871 937 2953 patiens
951 2880 1010 2935 tua

318 2991 416 3053 Mens
431 2989 591 3054 delicatas
606 2990 709 3072 finget
725 2991 895 3074 imagines,

363 3112 450 3174 Tum
467 3131 577 3174 rursus
592 3110 635 3174 ad
651 3121 783 3193 gratum
801 3108 967 3177 recurrerit

409 3235 543 3299 Numen
559 3234 728 3300 Amicitiae
744 3256 751 3298 :
775 3257 835 3300 nec
851 3257 907 3301 ore

317 3453 368 3515 Te
384 3453 456 3516 Pax
472 3472 614 3527 amoen0,
631 3472 690 3515 nec
708 3451 879 3534 Sapientia

321 3574 485 3656 Spement
501 3584 645 3650 euntem,
662 3595 769 3657 quove
786 3573 950 3648 libentius

366 3694 506 3769 Dilecta,
523 3696 708 3758 consuescis
723 3695 841 3768 vocari,

411 3815 554 3876 Nomine
570 3824 604 3878 te
620 3816 789 3877 dominam
806 3813 957 3877 silebunt.
