2872 4570
531 365 624 418 nivo
648 339 796 418 Pomvsss

633 575 697 638 111.

171 783 382 849 SUBLATUM
399 780 498 844 lentis
514 781 666 845 manibus
681 800 812 863 gessere
828 779 946 855 coloni,

171 904 218 966 Et
234 903 318 967 tristi
334 902 395 965 sub
411 901 499 964 fasce
515 901 653 964 domum
668 901 807 982 vestigia
821 908 961 964 vertunt.

53 1061 55 1063 ·
172 1025 218 1088 Et
233 1025 313 1087 mihi
329 1024 478 1086 densatae
493 1043 552 1104 per
567 1022 666 1104 longa
681 1023 849 1085 volumina
865 1023 961 1085 nubis

173 1145 331 1220 Sectanti‚
344 1144 550 1226 jamjamque
566 1143 667 1225 pedes
684 1145 716 1207 in
732 1152 847 1227 aperta
863 1144 992 1219 ferenti,

174 1265 335 1358 Panditur
348 1273 427 1328 ante
442 1263 555 1327 oculos
571 1265 696 1346 species
713 1263 893 1328 clarissima
909 1285 1025 1339 rerum,

173 1387 290 1472 Qualis
307 1409 366 1450 nec
381 1386 530 1469 vigilanti
546 1385 625 1450 olim
641 1386 780 1450 traluxit
795 1387 915 1469 imag0,

174 1510 246 1573 Nec
262 1509 429 1591 placidum
446 1508 599 1590 cuiquam
615 1528 674 1592 per
688 1529 841 1572 somnum
858 1508 970 1570 oblata
986 1507 1107 1570 fefellit.

174 1632 329 1714 Namque
346 1632 378 1693 in
394 1651 523 1693 secessu
539 1629 639 1712 longo
655 1630 856 1712 immanique
872 1630 1026 1693 barathro

173 1753 331 1828 AEtheris,
347 1753 488 1835 egregiae
505 1751 608 1815 moles
625 1752 777 1834 apparuit
794 1752 912 1816 Urbis:

177 1875 262 1938 Haec
277 1874 377 1937 facies
393 1872 472 1935 mihi
488 1873 595 1954 prima
611 1872 695 1948 fuit3
718 1892 824 1955 neque
841 1873 973 1935 nomine
986 1873 1078 1954 justo

176 1995 265 2079 Quid
282 1995 379 2058 fuerit
395 2014 578 2057 memorare
594 1993 687 2057 licet:
710 1994 756 2056 sic
772 1993 875 2056 densa
891 2015 950 2075 per
964 2015 1059 2058 auras

177 2116 282 2180 Tecta
297 2115 592 2196 columnarumque
607 2115 722 2195 ingens
738 2114 817 2176 mihi
834 2114 928 2196 sylva
942 2115 1074 2178 videtur

176 2238 306 2302 Vertier
322 2238 353 2299 in
370 2257 451 2312 sese,
467 2235 634 2318 longoque
651 2234 786 2298 reducta
802 2256 940 2311 recessu,

179 2359 248 2423 Ceu
265 2357 442 2442 splendens
458 2357 634 2440 penetrale,
651 2358 814 2420 incassum
831 2379 976 2440 quaerere
992 2357 1099 2421 finem.

177 2481 292 2545 Aurea
308 2500 475 2543 murorum
492 2488 526 2542 et
540 2480 680 2561 gemmis
696 2479 851 2542 distincta
868 2490 1017 2544 coruscat

179 2604 366 2685 Congeries‚
383 2610 519 2683 argento
536 2601 654 2682 apiceS,
671 2610 704 2664 et
719 2610 807 2664 tecta
823 2601 1016 2665 domorum:

178 2726 291 2790 Altius
307 2703 484 2806 assurgunt
499 2724 619 2787 vitreas
635 2723 785 2787 tabulata
801 2744 860 2806 per
874 2745 970 2786 auras

180 2849 384 2912 Hortorum:
406 2855 479 2909 tum
495 2843 582 2908 clara
597 2864 678 2906 auro
693 2844 846 2925 praetoria
862 2865 977 2926 regum

179 2968 304 3034 Ordine
320 2965 482 3030 collucent
499 2974 608 3028 recto:
631 2974 801 3047 turresque
817 2966 984 3028 minantur

180 3087 410 3154 Culminibus:
432 3086 525 3167 queis
541 3083 686 3147 stellanti
703 3083 792 3147 frons
808 3084 939 3148 daedala
954 3087 1063 3158 cinctu

181 3209 274 3274 Mille
289 3207 453 3272 coloratur
467 3206 616 3288 gemmis,
633 3205 796 3288 longeque
812 3207 942 3270 relucet.
1004 3259 1011 3277 .

180 3330 313 3414 Quippe
329 3329 395 3391 suis
411 3328 540 3391 Natura
555 3325 662 3389 modis
678 3327 834 3390 miracula
849 3336 944 3392 tanta

182 3452 261 3534 lpsa
276 3449 389 3523 dabat,
405 3467 537 3530 sparsos
552 3446 680 3530 fingens
695 3448 728 3509 in
744 3457 892 3512 monstra
907 3470 1065 3531 vapores:

182 3572 276 3656 Quos
292 3570 411 3633 dextra
427 3567 600 3644 formabat,
617 3567 671 3630 ubi
687 3587 812 3631 cessere
827 3568 931 3632 voluti

184 3695 224 3759 In
239 3712 337 3774 rupes
353 3690 503 3773 altosque
519 3689 617 3764 sinus
633 3698 846 3771 montemque
862 3691 1025 3772 supinum,

184 3815 298 3898 Atque
315 3812 359 3876 ibi
375 3809 513 3875 caeruled
529 3819 708 3893 posuerunt
724 3820 831 3874 castra
846 3813 906 3876 sub
922 3812 1032 3876 aethra.
