2918 4570
271 357 326 406 '102
616 351 804 406 TRANSLA
812 350 840 404 Τ
835 351 938 406 IONS

275 525 350 590 En!
374 524 463 590 flexo
479 534 557 590 ante
572 525 676 609 pedes
691 534 769 590 ante
785 525 887 589 inscia
904 522 1044 590 Caesaris
1060 543 1119 588 ora
1144 533 1148 538 '
1262 538 1268 550 ⁸

276 648 431 713 Sternere
445 669 482 712 se
496 647 651 731 suppleX,
662 647 854 730 junctisque
869 651 1042 728 reposcere
1055 643 1177 728 palmis

276 768 393 832 Frater
407 770 451 833 ab
466 767 569 834 exilio
584 769 740 833 fratrem:
763 767 947 850 similisque
963 765 1091 849 petenti

273 888 421 954 Aversas
436 885 532 955 aures
547 889 936 973 iterumqueiterumque
951 887 1078 969 fatigat

275 1010 363 1073 Tum
379 1031 457 1075 vero
473 1009 610 1087 insidiae,
626 1021 699 1075 turn
715 1010 805 1074 fraus
819 1008 957 1073 infanda
971 1006 1121 1091 patescit.

275 1131 337 1195 Ille
353 1132 486 1208 etenim,
502 1132 620 1197 orandi
635 1132 756 1207 studio,
772 1129 839 1216 qua
854 1131 934 1195 laxa
949 1130 1075 1195 fluebat

275 1253 408 1321 Circum
423 1253 510 1319 eolla
524 1262 614 1336 toga,
629 1255 796 1338 arreptam
811 1254 970 1330 detraxit,
987 1263 1021 1318 et
1036 1252 1133 1318 ulnas

274 1375 405 1439 Incauti
422 1373 584 1458 implicuit
599 1374 696 1439 nodis
710 1395 805 1454 ;-ea
819 1374 915 1458 signa
928 1373 1107 1437 frementes
1151 1351 1157 1366 ⁸

275 1495 370 1561 Ilicet
385 1516 569 1579 agnovere:
593 1495 685 1560 acies¹
695 1496 742 1559 sic
757 1495 862 1561 ferrea
877 1497 1000 1560 circum
1078 1503 1083 1514 '

274 1617 398 1684 Stricta
413 1617 545 1682 horret:
561 1618 607 1682 sic
624 1617 732 1682 Cinna
748 1636 883 1680 manum
898 1625 971 1681 tum
987 1615 1112 1700 primus
1128 1616 1279 1700 iniquam

274 1740 435 1817 Conserit,
451 1740 588 1825 obliquo
603 1741 785 1823 degustans
799 1739 935 1803 vulnere
950 1749 1090 1822 tergum.

272 1862 323 1927 At
338 1882 416 1926 vero
432 1872 469 1926 ut
484 1861 559 1925 ferri
575 1861 737 1945 persensit
752 1860 854 1943 frigus
871 1860 990 1937 adacti,

276 1985 325 2050 Ut
340 1984 469 2050 caluere
484 2005 587 2067 genae,
604 1983 753 2066 duplices
768 1991 806 2047 ut
821 1982 947 2047 lumina
962 1982 1114 2047 flammas

273 2104 385 2170 Torva
398 2105 717 2170 vomuntl-ere'das
732 2104 932 2188 deprensum
949 2105 983 2168 in
998 2104 1231 2170 valle-leonem

274 2228 448 2305 Frendere,
464 2228 517 2292 cui
532 2238 642 2293 costas
658 2229 827 2312 incognita
842 2227 924 2310 figat
939 2227 1076 2303 arund0,

274 2349 320 2413 Et
335 2370 371 2412 se
386 2347 540 2430 colligere
556 2349 589 2412 in
605 2369 752 2432 parvum,
766 2348 837 2431 jam
850 2349 987 2432 jamque
1004 2349 1120 2413 minari

275 2471 441 2534 Hostibus
456 2469 635 2544 excidium,
651 2469 732 2533 dum
749 2469 890 2534 suadeat
905 2471 953 2535 ira
968 2470 1143 2553 pudorque

274 2583 405 2656 Ultima
419 2584 557 2665 tentare,
574 2599 675 2673 atque
691 2589 811 2655 insueti
826 2590 970 2655 vulneris
979 2613 1143 2674 angor.-

272 2711 386 2795 Quum
402 2732 480 2776 vero
495 2710 684 2776 hortantem
701 2709 853 2795 reliquos,
870 2712 1045 2796 ipsumque
1060 2733 1232 2777 coruscam

274 2835 391 2918 Ipsum
406 2834 511 2900 aciem
528 2835 667 2898 Brutum
684 2833 891 2917 quatientem
906 2835 999 2911 vidit,
1015 2835 1067 2900 ibi,
1076 2855 1192 2899 omnes

273 2950 440 3037 Collaps'ae
454 2954 540 3019 vires
555 2975 563 3034 ;
585 2953 676 3019 subit
691 2954 872 3038 impietatis
888 2955 999 3039 imago
1116 2991 1118 2996 ·
1188 2960 1193 2968 '

271 3078 392 3142 Acrior
407 3076 541 3140 infensis
556 3075 631 3140 telis
645 3075 664 3154 ;’
677 3077 767 3142 subit
782 3078 890 3142 omnis
906 3097 1055 3143 amorum

273 3198 359 3281 Spes
375 3197 476 3272 fluxa,
492 3206 527 3261 et
538 3196 664 3279 junctae
680 3218 746 3261 non
761 3197 833 3264 haec
849 3199 881 3262 in
898 3199 1023 3265 soedera
1035 3200 1178 3267 dextrae.

273 3320 365 3402 Ergo
380 3329 424 3395 te,
440 3320 550 3393 Brute,
566 3319 776 3402 increpitans,
790 3329 826 3385 te
842 3322 976 3386 nomine
991 3321 1099 3386 solum

273 3441 384 3505 Morte
399 3461 531 3517 vocans,
548 3441 648 3505 miser
662 3462 720 3506 ora
734 3463 795 3506 suo
811 3441 939 3506 foedata
953 3463 1067 3507 cruore

272 3562 318 3627 Et
334 3561 453 3638 laurus,
470 3559 622 3627 sanctum
639 3560 757 3646 capitis
772 3571 955 3646 gestamen,
972 3561 1095 3626 arnictu
1188 3569 1191 3576 '

271 3683 424 3749 Palmato
439 3684 601 3750 obnubit:
625 3695 697 3750 tum
713 3693 847 3747 centurn
864 3684 898 3745 in
912 3682 1050 3747 vulnera
1065 3681 1177 3765 lapsus

271 3807 396 3873 Condit
412 3807 445 3870 in
461 3799 620 3878 ae'ternam
637 3801 791 3888 frigentia
806 3803 933 3878 lumina
949 3813 1090 3870 noctem.
1151 3807 1156 3814 “
