2872 4570
504 365 597 419 ΑΝΙ)
619 364 770 420 POEMS.

577 551 678 616 XIII.

137 713 207 789 AT,
217 714 348 789 dilecta,
361 721 456 776 tuum
473 714 516 777 ad
532 713 708 789 tumulum,
724 713 794 776 sine
811 733 974 778 marmore
989 733 1135 798 gramen,

183 837 263 899 Rite
279 856 397 899 manus
409 835 569 917 juvenum
585 836 809 918 virgineaque
824 834 930 898 serent

139 957 258 1022 Florea
273 957 436 1040 primitias
451 967 534 1040 quot
549 957 689 1021 odorum
705 957 845 1038 parturit
859 955 949 1032 hora,

182 1079 277 1142 Veris
294 1087 327 1142 et
343 1078 499 1160 arripient
514 1077 736 1142 suaveolentIs
752 1098 840 1159 opes.

139 1254 217 1319 Non
234 1255 368 1337 planctu
385 1255 523 1318 immissi
540 1254 667 1330 Manes,
684 1275 750 1317 non
766 1275 847 1318 voce
863 1254 1003 1320 molesta

183 1377 368 1442 Audebunt
383 1376 447 1440 luci
460 1376 515 1458 jus
530 1377 653 1441 violare
668 1377 716 1440 tui
732 1397 740 1454 ;

140 1498 278 1562 Rustica
294 1498 353 1562 sed
368 1499 480 1563 veniet
495 1498 609 1579 pubes,
625 1507 659 1561 et
675 1498 794 1581 prodet
810 1499 936 1561 amanti

184 1620 329 1684 Plurima
344 1629 504 1684 secretam
519 1620 606 1683 victa
622 1618 733 1703 puella
748 1618 856 1683 fidem.

140 1793 218 1860 Non
234 1817 318 1860 anus
334 1796 505 1860 insistetve
519 1795 676 1870 venefica,
699 1795 789 1859 larva
804 1795 857 1859 vei
874 1797 972 1860 istum

185 1919 374 1982 Nocturnos
390 1918 489 1981 ducet
505 1938 565 1999 per
579 1937 695 1980 nemus
712 1916 779 1980 ulla
795 1916 929 1995 chor0s;

139 2040 190 2104 At
207 2041 387 2104 Lemurum
404 2059 522 2103 manus
537 2039 626 2102 alma
642 2039 741 2101 sacris
757 2038 948 2120 operabitur
962 2037 1080 2113 herbis,

185 2161 308 2225 Induet
323 2170 357 2224 et
373 2161 452 2224 roris
468 2181 621 2243 gemmea
637 2158 725 2222 dona
741 2159 856 2223 solum.

104 2343 106 2348 '
140 2339 231 2423 Quin
247 2339 302 2420 pia
318 2337 478 2420 gaudebit
494 2337 537 2400 de
553 2345 651 2400 nocte
667 2335 823 2399 rubecula
838 2335 946 2418 prima

185 2460 301 2524 Tenue
317 2459 534 2522 ministerium
550 2456 780 2540 suppeditasse
795 2457 874 2522 tibi:

142 2582 188 2645 Et
203 2591 293 2645 strue
308 2581 455 2644 canentis
471 2581 584 2656 musei,
600 2588 771 2661 rostroque
787 2581 909 2643 coactis

187 2701 338 2766 Floribus
354 2701 484 2765 ornabit
499 2710 598 2783 teque
613 2709 775 2782 tuumque
790 2708 907 2763 torum.

144 2879 334 2944 Horrisonis
350 2878 480 2961 quoties
490 2877 607 2952 ventis,
622 2884 724 2960 atque
740 2877 844 2940 imbre
860 2877 1005 2960 crepanti

184 3001 365 3083 Agrestem
382 2998 529 3063 casulam
544 2998 678 3062 turbida
693 3006 795 3061 vexat
811 2997 919 3061 hiems
928 3020 936 3077 ;

143 3122 210 3188 Seu
227 3122 355 3186 medios
371 3122 457 3184 inter
471 3119 600 3183 diversa
615 3139 675 3201 per
689 3140 824 3202 aequora
839 3140 961 3195 cursus

186 3245 237 3309 Te
253 3265 346 3309 mens
361 3252 541 3325 pastorum,
556 3250 591 3305 te
605 3242 661 3324 pia
676 3261 754 3304 cura
769 3240 863 3305 colet

141 3423 193 3486 Te
208 3421 281 3487 loca
297 3441 423 3484 rursum
439 3418 551 3494 oculis
566 3439 641 3501 quae
656 3418 877 3481 semotissima
892 3419 1031 3484 reddent

188 3544 267 3607 Rite
282 3543 342 3607 tibi
355 3542 514 3625 juvenum
530 3540 677 3623 lacryma
692 3560 796 3623 prona
810 3540 927 3619 cadet;

143 3664 253 3750 Quem
270 3664 349 3728 dum
364 3665 453 3728 Vitae
470 3663 575 3728 aderit
591 3661 671 3746 quid
686 3662 838 3738 amabile,
856 3673 956 3729 restat
972 3685 1091 3739 amare,

190 3785 352 3869 Plangere
367 3784 448 3850 dum
465 3785 576 3849 Pietas
592 3784 663 3865 ipsa
679 3793 845 3867 superstes
862 3784 930 3849 erit.

630 3918 655 3967 D
