2918 4570
545 376 638 429 nnn
662 376 812 432 Poena
1131 393 1178 445 103

179 549 300 633 Quem,
316 557 477 633 tanquam
493 549 613 614 obtutu
629 550 733 614 tacito
748 550 910 634 vultuque
925 551 1078 634 superb0,

180 669 330 754 Pompeii
346 691 391 734 ex
407 669 476 734 alto
492 691 615 753 magna
630 671 824 753 aspectabat
841 671 960 755 Imago

180 791 291 855 Imum
307 812 472 873 purpureo
486 790 666 856 violantem
683 790 818 855 flumine
834 813 984 856 marmor.

182 911 246 977 Ilia
260 911 444 988 videbatur,
460 912 581 994 sceptri
598 911 689 976 velut
704 912 829 978 arbitra
845 913 939 995 rapti,

181 1033 317 1099 Sancite
333 1033 503 1097 infandam
521 1034 658 1111 caedem,
675 1044 710 1100 et
725 1034 888 1118 sprevisse
900 1035 1067 1117 jacentem
1152 1101 1154 1106 ,

181 1153 253 1219 Sub
268 1154 408 1237 pedibus
421 1175 428 1232 ;
452 1154 623 1239 socerique
638 1177 741 1239 gener
751 1156 822 1239 jam
839 1167 956 1221 mutua
971 1155 1040 1220 fata

181 1274 312 1350 Ridere,
329 1285 362 1338 et
379 1273 496 1358 longos
511 1275 613 1340 oculis
629 1275 758 1341 haurire
773 1276 913 1341 dolores.

225 1431 244 1470 ⁴}
377 1431 396 1470 ἦ
529 1433 549 1472 R
681 1433 700 1472 ⁴}
833 1431 852 1470 *
986 1433 1006 1474 *

180 1541 271 1626 Quin
286 1541 350 1605 illis
367 1541 510 1607 referunt
526 1544 615 1606 misit
633 1542 691 1608 Sol
708 1545 778 1625 ipse
794 1528 910 1607 diebus

180 1663 339 1728 Pallidius
351 1663 459 1746 jubar,
476 1685 628 1728 aversum
644 1684 703 1727 ceu
720 1665 870 1727 conscius
887 1665 998 1746 ignem

180 1785 356 1849 Abnueret
372 1785 475 1860 terris,
492 1804 568 1847 cum
584 1785 630 1847 sic
646 1782 717 1846 sine
732 1783 863 1849 vindice
878 1784 985 1848 iatum

182 1906 283 1969 Hunc
300 1905 419 1969 Patriae
437 1906 569 1968 Patrem
586 1907 883 1988 Romanarumque
898 1905 1028 1971 tulisset

181 2026 315 2091 Grande
330 2037 431 2109 caput
447 2047 574 2091 rerum:
597 2047 673 2092 cum
690 2027 742 2091 cui
759 2027 839 2091 nihil
856 2028 936 2093 orbe
952 2028 1143 2104 secundum,

181 2148 237 2214 Sic
253 2147 340 2212 clara
356 2148 418 2213 sub
434 2147 516 2224 luce,
533 2169 651 2212 manus
667 2149 837 2214 stravisset
853 2150 969 2214 amica.

180 2270 269 2335 Tum
285 2292 418 2355 quoque
434 2270 573 2335 flebilius
589 2271 719 2335 devexo
735 2293 756 2335 a
770 2272 907 2338 Tibride
924 2293 1071 2336 murmur

180 2390 350 2474 Plangere,
367 2412 427 2456 ceu
445 2401 576 2474 raptum
592 2391 725 2475 proprio
742 2413 872 2456 rumore
888 2392 1039 2457 dolerent

181 2511 335 2576 Flumina
348 2513 458 2577 :—-sed
475 2512 616 2590 stellam,
633 2514 763 2597 quoties
779 2512 874 2597 polus
891 2513 967 2596 igne
984 2514 1129 2591 micaret,

179 2633 320 2699 AEthera
335 2655 410 2699 cum
426 2635 535 2699 sonitu
552 2637 679 2718 stupuit
694 2645 825 2699 tranare
841 2635 977 2700 colonus

181 2756 389 2840 Suspiciens:
412 2778 478 2840 quo
494 2767 584 2821 certa
599 2757 683 2821 fides
697 2755 836 2821 volitare
852 2758 1016 2839 perempti

148 2931 152 2938 .
181 2875 362 2941 Seductam
379 2875 536 2939 membris
553 2875 708 2951 animam,
725 2885 759 2939 et
772 2875 843 2956 jam
858 2875 973 2941 debita
987 2875 1063 2939 coeli

181 2997 315 3061 Limina
330 2995 477 3071 transire,
493 3015 531 3060 ac
547 2995 644 3058 sedes
660 2995 781 3059 intrare
797 2996 920 3060 beatas

181 3208 226 3273 Et
242 3206 312 3284 tibi,
329 3207 418 3291 quid,
434 3215 530 3271 tanto
546 3205 686 3288 dejectae
701 3205 858 3290 principe,
876 3207 994 3284 Roma,

180 3327 312 3392 Deinde
322 3328 453 3393 manet?
470 3330 588 3411 Regno
598 3348 698 3411 quem
707 3326 778 3410 jam
792 3327 992 3410 dignabere?
1008 3325 1179 3410 Quantum

181 3449 298 3512 Haeret
314 3469 406 3530 opus,
423 3459 567 3532 quantos
584 3458 732 3514 resecant
746 3459 807 3513 tua
821 3447 891 3512 sata
906 3447 1055 3513 labores!

180 3567 244 3633 Illa
259 3577 371 3632 tamen
387 3571 414 3633 si
430 3571 504 3652 quis
520 3591 632 3634 secum
648 3569 842 3653 imperfecta
859 3569 967 3634 necati

181 3687 336 3764 Consilia,
353 3691 569 3774 inceptosque
584 3712 692 3765 ausus
708 3699 744 3754 et
757 3697 837 3754 vota
853 3681 991 3753 revolvit

181 3809 288 3884 Irrita,
305 3807 440 3872 confusa
456 3811 585 3875 divinus
602 3811 746 3874 nascitur
761 3809 842 3872 ordo

682 3944 696 3993 1
