2918 4570
576 395 668 448 ΛΝΒ
691 393 842 451 POEMS.

209 1563 259 1626 At
271 1563 393 1646 juvene
409 1565 548 1649 abrepto
563 1564 700 1629 fratrum
717 1587 777 1648 par
792 1567 885 1630 triste
900 1567 1010 1630 citatis

211 1686 288 1751 Ibat
302 1686 405 1770 equis,
422 1708 490 1762 nec,
507 1687 652 1770 pulchra,
669 1696 754 1764 tuos,
771 1687 948 1764 Florentia,
965 1709 1076 1752 muros

209 1806 405 1882 Devertunt,
422 1826 482 1870 nec
497 1815 595 1889 parta
609 1807 702 1889 quies
718 1807 808 1889 prius
823 1805 891 1870 ulla
905 1807 1044 1882 viarum,

209 1925 321 2010 Quam
336 1925 481 2003 veniunt,
498 1927 554 1991 ubi
571 1926 642 2010 ripa
657 1936 750 1991 tenet
763 1927 833 2008 jam
850 1926 981 1991 tenuior
995 1926 1127 1990 Arnum

210 2045 296 2110 Cum
311 2047 461 2131 strepitu,
477 2047 585 2112 lenem
602 2049 714 2113 flabris
729 2058 762 2112 et
778 2048 939 2112 arundine
954 2050 1085 2132 quassa,

1 2221 2 2228 ,
95 2217 98 2223 .
209 2168 256 2233 Et
270 2167 368 2252 lupus
384 2168 523 2234 adverso
538 2170 662 2253 subigit
677 2191 749 2234 sese
765 2169 881 2235 obvius
896 2170 995 2234 amni.

210 2289 338 2356 Pallida
352 2290 508 2357 lucebant
523 2292 623 2356 fluvio
638 2291 772 2376 gemina
786 2312 845 2356 ora
859 2291 1013 2368 virorum,

207 2411 259 2476 At
270 2411 383 2494 juveni
399 2413 537 2497 flagrare
552 2434 656 2497 genae,
674 2433 850 2498 roseosque
865 2412 992 2478 colores
1048 2489 1051 2497 ¹

208 2532 311 2598 Fudit
324 2534 440 2600 Amor.
487 2534 585 2600 Vada
596 2534 733 2618 jamque
745 2534 846 2599 ambo
856 2533 997 2616 trajecta
1012 2533 1211 2617 relinquunt,

209 2653 255 2720 Et
270 2656 414 2720 subeunt
428 2656 575 2733 tacitam,
591 2656 675 2720 caedi
691 2655 765 2720 loca
779 2654 965 2731 commoda,
981 2653 1106 2720 silvam.

206 2897 351 2981 Jamque
367 2895 451 2961 dolis
468 2905 594 2960 maestae
609 2896 795 2961 referebant
810 2895 893 2960 salsa
908 2895 1011 2959 sorori

209 3018 337 3081 Nuntia
348 3016 619 3100 ;—longinquam
632 3016 789 3099 juvenem
805 3015 931 3110 telluris
946 3017 980 3080 in
995 3038 1087 3082 oram

209 3140 450 3205 conscendisse
467 3148 581 3217 ratem,
597 3159 823 3222 magnumque
839 3138 999 3204 facessere
1014 3160 1135 3204 munus

209 3261 368 3345 Spectata
384 3263 522 3345 dignum
538 3259 668 3336 virtute,
685 3280 744 3324 nec
760 3259 863 3324 infida
877 3260 978 3325 corda

208 3380 309 3465 Quod
325 3391 481 3466 caperent
493 3381 631 3461 ;-tales
647 3381 693 3444 illi
710 3381 797 3445 male
812 3380 937 3464 fingere
952 3402 1077 3446 causas.

252 3502 342 3587 Quin
359 3503 448 3567 luctu
464 3512 565 3585 caput
581 3501 738 3578 involvas
754 3503 835 3586 quin
851 3504 950 3567 indue
966 3502 1100 3583 sordes;

208 3626 285 3707 Jam
300 3624 401 3690 vidua
415 3646 460 3701 es,
477 3625 664 3689 miseranda
679 3626 798 3688 nurus!
822 3646 905 3708 quas
922 3623 1007 3707 Spes
1023 3623 1084 3687 tibi
1100 3623 1205 3687 nectit

210 3746 344 3827 Rumpe
361 3765 469 3809 moras
484 3767 492 3824 ;
516 3766 582 3808 non
598 3746 680 3811 hora
695 3746 801 3810 virum
817 3767 892 3829 quae
909 3744 1055 3827 praeterit
1072 3742 1182 3820 istum,

211 3866 364 3931 Crastina
379 3885 445 3928 non
462 3865 597 3931 reseret:
622 3866 747 3933 luctum
763 3887 871 3950 neque
887 3864 986 3931 tertia
1001 3862 1115 3929 solvet.
