2872 4570
642 859 667 924 Ι.

429 1067 682 1135 PERICULA
723 1070 875 1137 URBIS.

570 1257 591 1297 A
612 1257 732 1300 SATIRE.

356 1507 460 1555 ‘Finem
471 1508 584 1572 impcmoe
595 1525 644 1557 non
655 1510 845 1575 servatprodega
855 1510 953 1559 Roma!

159 1799 353 1864 PARNAsso
369 1800 549 1865 descende:
571 1800 727 1866 Gradus*
744 1803 886 1886 Carique
901 1801 1059 1878 libellum,

157 1920 264 1996 Musa,
281 1920 360 1984 nihil
377 1930 504 1985 nostros
520 1922 583 1985 scis
597 1922 775 2005 profecisse
789 1923 937 1987 labores:

158 2041 317 2105 Parnasso
333 2042 516 2121 descende;
539 2042 746 2126 humilesque
762 2046 864 2108 invise
878 2044 1017 2127 paludes

157 2161 228 2238 Isis,
244 2171 278 2226 et
292 2162 466 2227 humentes
482 2165 577 2247 ripaS,
593 2149 793 2247 gentemque
808 2172 966 2246 togatam.

199 2405 245 2469 Et
261 2426 321 2469 nos
336 2427 414 2488 ergo
429 2405 529 2469 hodie
544 2406 688 2470 delectat
704 2405 794 2469 nulla
805 2406 957 2489 jocorum

156 2526 284 2610 Copia?
331 2529 461 2611 Nempe
476 2530 583 2612 agitur
598 2536 671 2592 toto
687 2527 862 2593 Comoedia
878 2529 964 2592 rivo:

155 2648 396 2732 Materiemque
411 2649 473 2732 ipsi
489 2636 623 2713 sumant
639 2671 683 2712 ex
698 2668 796 2712 amne
812 2648 978 2732 Tragoedi.

155 2769 273 2835 Stridit
287 2770 414 2853 hyems,
429 2770 640 2853 gelidamque
655 2771 769 2833 irrorat
785 2769 954 2853 Aquarius
972 2768 1061 2847 lsin;

154 2891 251 2957 Saeva
266 2900 378 2956 tamen
394 2893 503 2956 sonuit
518 2913 586 2955 vox
602 2892 735 2974 remigis
750 2890 807 2955 illa
822 2891 982 2974 magistri,

153 3014 337 3098 ‘Depresso
353 3014 488 3098 incipiat
500 3014 571 3097 jam
587 3021 659 3076 tum
675 3013 755 3076 mihi
770 3021 885 3077 ventre
897 3013 1052 3096 juventus

17 3179 22 3189 ·
53 3197 56 3206 ,
153 3136 354 3219 ‘ingemere
370 3142 404 3199 et
418 3136 525 3217 prima
540 3133 719 3198 lentescere
735 3154 845 3198 remus
860 3136 893 3198 in
909 3135 1017 3199 unda!

154 3254 322 3320 Continuo
338 3256 469 3337 ignaros
485 3274 543 3337 per
558 3255 671 3318 tenuia
686 3263 828 3318 transtra
844 3254 993 3319 Recentes

153 3376 335 3472 Disposuit,
351 3375 546 3460 gracilisque
561 3376 673 3439 tremit
688 3376 750 3439 sub
764 3375 911 3459 pondere
926 3377 1055 3458 cymba.

154 3498 361 3563 Procubuere
370 3519 378 3577 ;
401 3519 564 3581 superque
579 3498 705 3561 instans
721 3519 859 3562 censura
873 3497 1027 3563 celeustae

153 3617 267 3684 Vexat
282 3618 461 3701 inaequales
477 3639 602 3683 remos:
624 3627 659 3682 at
674 3619 792 3682 saevior
806 3618 889 3682 alter

187 3772 202 3800 ⁴*
221 3774 247 3822 Is
258 3773 360 3833 scilicet,
373 3788 447 3838 quem
459 3788 585 3837 nunquam
596 3771 655 3821 satis
669 3770 807 3821 laudandus
825 3771 911 3822 Carius
928 3771 953 3821 in
969 3787 1040 3822 usum
1057 3787 1144 3836 puero-

155 3871 212 3905 rum
221 3855 367 3919 composuit.
