2872 4570
543 411 636 465 Ano
658 381 808 466 poam.

653 991 697 1054 ΙΙ.

180 1179 239 1241 AT
256 1179 336 1242 mihi
352 1181 556 1263 praecipuum
572 1181 649 1244 vitae
666 1180 813 1244 mortalis
828 1179 987 1244 honorem

180 1300 251 1362 Pax
268 1301 406 1364 immota
422 1300 544 1363 dabat:
567 1321 627 1364 nec
644 1302 731 1364 enim
747 1300 826 1364 mihi
843 1303 947 1364 carior
962 1301 1051 1375 hora,

180 1423 291 1506 Quam
308 1427 373 1508 qua
389 1423 564 1506 pendentis
576 1433 684 1487 ¹strato
700 1425 763 1488 sub
779 1423 901 1487 fornice
917 1425 991 1487 saxi

180 1544 241 1607 Per
256 1545 373 1628 longos
388 1554 520 1628 sperata
535 1545 605 1608 dies
620 1567 688 1609 vox
705 1554 819 1609 sancta
834 1545 987 1628 profundi

179 1665 316 1747 Impulit
331 1675 474 1730 arrectas
490 1666 662 1730 dulcedine
678 1665 781 1730 seritis
796 1686 898 1729 aures

178 1786 280 1849 Nulla
294 1787 356 1850 sub
372 1787 522 1850 aestivam
538 1787 648 1850 rubuit
665 1786 744 1849 mihi
760 1787 908 1869 Vespera
924 1796 1065 1862 noctem,

178 1908 266 1991 Quin
283 1909 373 1971 tenui
390 1929 503 1972 narem
519 1908 694 1972 subvectus
710 1908 807 1970 lintre
822 1908 1003 1971 secundum

179 2029 315 2092 Littoris
330 2029 471 2093 acclives·
485 2029 605 2112 sylvaS,
620 2029 647 2092 si
663 2028 774 2092 fistula
789 2029 923 2111 quando

178 2150 231 2213 De
247 2171 327 2232 rupe
342 2152 431 2214 aeria
446 2160 587 2227 caneret,
603 2151 768 2233 mixtique
782 2159 938 2214 sonarent

176 2272 325 2336 Assiduo
340 2273 453 2336 balatu
469 2274 554 2355 agni.
602 2273 673 2336 Nec
689 2292 787 2335 mane
803 2272 930 2335 nitebat

177 2395 309 2457 AEstivo
324 2394 499 2477 splendore
516 2394 595 2470 dies,
612 2394 691 2477 quin
707 2394 751 2458 de
765 2394 834 2458 sale
850 2393 957 2456 lucem

178 2516 380 2579 Nascentem
396 2517 597 2597 aspicerem:
620 2526 735 2581 noctes
751 2536 896 2598 namque
912 2537 1015 2598 usque
1032 2537 1162 2580 serenas

178 2637 352 2700 Ducebam
369 2637 527 2712 excubiis,
543 2637 632 2712 dum,
648 2636 722 2700 coeli
739 2636 852 2700 limine
867 2647 993 2719 aperte,

178 2757 296 2822 Latius
313 2758 438 2824 Oceani
454 2759 601 2822 tumidos
618 2758 743 2823 efflaret
758 2760 791 2822 in
807 2780 923 2823 amnes

178 2881 279 2942 Mane
295 2901 371 2942 suos
387 2881 480 2962 ignes
496 2879 677 2956 Pha'e'thon,
693 2900 874 2963 aurumque
889 2901 1069 2945 coruscum.
1179 2885 1180 2889 ’

178 3000 261 3064 Ortat
277 3001 361 3064 adeo
376 3002 434 3063 vix
451 3000 531 3075 luce,
547 3001 656 3065 herbis
673 3001 752 3063 mihi
769 3000 835 3064 lina
847 3001 1004 3083 jacebant

176 3121 233 3185 Ad
250 3122 354 3185 solem
370 3122 498 3197 diffusa,
514 3131 549 3185 at
565 3143 618 3184 mc
633 3143 733 3203 sopor
747 3121 833 3184 altus
848 3121 1002 3186 habebat.

179 3245 284 3327 Inque
300 3244 388 3306 diem
405 3245 519 3326 pisces,
537 3252 701 3327 quotquot
718 3242 807 3306 fovet
822 3264 880 3306 ora
896 3244 1029 3318 coloniS,

178 3365 322 3428 Delicias
339 3365 446 3438 maris
462 3385 613 3447 appono:
636 3385 711 3447 quae
727 3385 872 3440 munera,
888 3366 1041 3448 cuiquam

179 3488 299 3551 Incerti
315 3487 500 3551 reserantne
515 3486 588 3561 de0,
604 3486 758 3549 laetantur
774 3487 878 3568 egeni,

179 3607 367 3692 Suaviaque
383 3607 541 3671 incultam
559 3615 779 3690 conspergunt
795 3615 882 3670 serta
897 3627 956 3688 per
970 3627 1070 3670 oram.
