2918 4570
532 409 624 462 AND
648 409 799 465 POEMS.

169 590 178 620 ‘
195 582 305 649 Corda
321 580 383 646 sibi
397 563 530 658 violata,
547 582 810 668 implacatosque
825 584 1004 669 Quiritest’

169 704 267 770 Talia
281 702 436 768 volvebat
451 702 551 780 furiis,
568 712 602 767 et
617 704 744 769 foedera
759 715 868 789 pacta,

171 829 313 892 Foedera
327 823 454 889 solenni
470 825 590 889 dextra
605 825 733 891 sancita
746 847 890 902 suorum,

171 948 295 1031 Rejicit
309 947 507 1030 impatiens:
530 967 590 1011 nec
606 947 694 1010 enim
711 947 754 1010 de
769 958 876 1012 morte
892 949 1030 1014 remissa

172 1069 287 1144 Millia,
304 1089 365 1133 nec
380 1067 458 1131 fidei
474 1067 562 1131 laesae
575 1067 645 1150 jam
663 1067 766 1133 flectit
782 1069 915 1153 imago:

171 1191 280 1255 Arma
295 1193 409 1255 Patres
424 1189 593 1267 scelerata,
609 1190 721 1255 calens
736 1191 846 1256 fremit
862 1214 955 1258 arma
965 1194 1131 1277 juventus.

172 1459 224 1524 At
238 1441 331 1544 pig'et
346 1461 505 1543 ambages
521 1459 608 1534 ueni,
624 1459 717 1542 piget
733 1459 835 1543 impia
851 1461 975 1525 fraudis

173 1582 269 1647 Ausa
283 1582 384 1664 sequi.
432 1581 502 1646 Sua
516 1581 685 1657 victorem,
702 1602 762 1645 sua
771 1576 919 1664 'plurima
934 1584 1040 1648 tradit

174 1703 291 1768 Exitio
307 1703 423 1785 pietas,
439 1723 484 1764 ex
500 1723 567 1784 quo
583 1701 705 1764 ferrum
722 1722 796 1765 acre
812 1703 994 1766 recondens

174 1815 340 1898 Imposuit
355 1814 454 1895 leges,
471 1822 506 1876 et
521 1833 587 1877 non
603 1812 765 1895 placitura
780 1812 901 1896 Quiriti

176 1937 326 2012 Foedera,
341 1954 401 1998 nec
417 1943 549 2017 pactam
566 1935 711 2018 speravit
725 1935 838 2000 fallere
853 1936 1017 2003 dextram.

176 2057 267 2122 Gens
282 2056 420 2138 antiqua
436 2055 508 2130 ruit,
525 2054 642 2138 longos
658 2077 733 2138 quae
749 2065 879 2139 sceptra
893 2078 954 2140 per
968 2079 1072 2122 annos

175 2177 332 2243 Vindicat
349 2177 531 2260 Hesperiae,
548 2177 762 2260 Romamque
779 2187 947 2260 retorquet
962 2199 1117 2243 avaram:

176 2302 275 2364 Nunc
290 2297 366 2363 silet
381 2298 483 2364 exilio
498 2298 605 2376 tellus,
622 2297 836 2363 celeberrima
851 2302 1021 2382 quondam

175 2423 268 2489 Arva
282 2431 411 2500 vacant,
429 2421 579 2508 mutique
594 2422 685 2487 tubae
701 2423 772 2486 sine
788 2443 954 2489 murmure
970 2425 1079 2492 colles.

176 2704 378 2789 Quanquam
394 2701 435 2765 o!
459 2702 486 2765 si
501 2712 630 2766 veteres
647 2703 778 2777 Furcas,
795 2702 994 2785 desertaque
1010 2704 1133 2766 montis

177 2824 438 2906 Ostia—signat
455 2823 542 2885 enim
558 2831 610 2886 tot
622 2822 693 2904 jam
709 2831 785 2904 post
800 2822 923 2886 saecula
938 2823 1134 2901 *nomen-

177 2947 321 3011 Advena
335 2943 498 3018 deveniet,
514 2943 541 3006 si
558 2962 644 3006 nunc
661 2942 716 3005 ubi
732 2941 855 3024 proluit
871 2943 977 3006 imber

178 3068 330 3134 Frondea
345 3066 500 3130 silvarum
516 3072 613 3141 tecta,
630 3072 731 3147 atque
746 3063 860 3128 avulsa
876 3065 1004 3129 ruinam

178 3183 272 3248 Saxa
287 3200 422 3263 gravem
438 3188 580 3255 traxere,
597 3187 710 3241 tamen
726 3177 789 3240 sibi
805 3175 949 3242 claustra
964 3178 1104 3261 refinget

178 3303 300 3388 Qualia
316 3312 418 3378 erant,
435 3322 510 3365 cum
527 3301 649 3365 circum
666 3298 768 3363 altam
785 3300 973 3364 resonantia
987 3300 1108 3365 vallem

180 3424 368 3490 Samnitum
385 3424 473 3506 capti
489 3421 651 3507 pallerent
666 3441 758 3484 arma
774 3420 929 3503 Quirites,

180 3546 269 3610 Tum
284 3546 374 3622 sciet,
391 3568 411 3610 a
426 3547 552 3628 quanta
566 3544 672 3608 victor
687 3563 767 3605 nece
784 3543 908 3605 miserit
923 3541 1046 3619 hosteS,

182 3667 306 3735 Omnia
320 3677 392 3732 tum
409 3669 529 3732 Romae
544 3673 684 3748 tangent
700 3664 842 3748 perjuria
858 3673 1013 3730 mentem.

543 3883 559 3913 ⁴*
577 3879 673 3929 Forche
686 3877 815 3943 d'Arpaia.
