2872 4570
285 355 304 407 4
601 349 807 405 PERICULA
838 350 964 404 URBIS.

287 519 398 602 Quam
415 522 526 588 docuit
543 525 680 604 Natura,
696 535 730 592 et
745 528 956 593 crebescebat
972 529 1004 590 in
1021 527 1077 592 illo

287 639 461 726 Tempore,
477 667 544 728 quo
560 649 662 731 stipat
677 669 743 712 non
759 669 893 712 omnem
909 649 1032 712 femina
1047 659 1180 713 coetum.

286 759 336 824 At
353 783 419 826 non
436 764 536 830 Graia
550 766 650 831 hodie
666 769 787 832 cursori
803 769 921 832 sufficit
938 769 993 833 illa

282 882 508 966 Simplicitas:
532 907 598 951 non
615 909 718 972 parva
733 910 846 953 comas
862 891 990 955 evinxit
1005 890 1113 955 oliva:

288 1002 465 1069 Concisum
481 1018 656 1091 argentum
672 1011 705 1073 in
721 1009 846 1085 titulos,
864 1011 1087 1095 inscriptaque
1102 1033 1181 1076 vasa

286 1124 427 1190 Praemia
442 1129 603 1193 victorum
620 1140 771 1194 statuunt
785 1151 792 1208 ;
816 1132 962 1214 ingentia
977 1132 1106 1215 pridem

287 1247 462 1331 Ruperunt
479 1249 603 1315 loculos
616 1251 686 1333 jam
704 1253 912 1317 caelatoribus
927 1275 1013 1330 aera3

285 1369 404 1434 Fervet
420 1391 503 1454 opus
518 1372 630 1436 cultris
645 1381 696 1437 tot
712 1373 868 1437 duratura
885 1375 1019 1438 metallo

286 1491 432 1556 Nomina
448 1492 533 1556 felici
549 1493 791 1576 sculpentibus;
816 1515 938 1577 oraque
954 1497 1064 1577 pinxit

287 1612 374 1676 Mira
389 1613 504 1689 virtlm,
517 1614 680 1696 jussitque
696 1615 763 1677 suis
779 1625 927 1696 prostare
943 1615 1092 1679 fenestris

286 1733 432 1809 Institor,
449 1742 482 1797 et
498 1734 640 1817 grandes
658 1735 817 1798 mirantur
832 1738 978 1819 compita
993 1758 1092 1800 suras.

286 1855 369 1938 Quis
386 1877 451 1919 non
468 1856 539 1920 haec
553 1865 688 1939 propter
703 1857 870 1920 sudaverit
887 1857 1028 1920 ultima?
1051 1858 1124 1939 quis
1140 1877 1215 1931 non,

287 1977 446 2042 Horrenti
462 1979 545 2055 nive,
561 1979 634 2062 quis
650 1977 761 2061 gelido
777 1998 843 2040 non
860 1977 987 2042 frixerit
1003 1979 1122 2042 imbri?

287 2098 501 2182 Quamquam
517 2108 568 2163 tot
585 2099 701 2181 spatiis
716 2097 832 2181 pulmo
848 2099 946 2161 miser
962 2121 1066 2181 usque
1082 2098 1246 2172 terendus,

286 2221 353 2284 Tot
370 2221 495 2285 nitendi
512 2221 616 2296 orbes,
633 2229 714 2301 quot
731 2218 809 2281 dum
827 2218 913 2282 male
930 2229 1008 2283 nota
1024 2230 1161 2302 rogaret,

287 2342 344 2405 Nil
361 2341 598 2424 respondentes
614 2340 669 2402 ille
684 2338 817 2422 Appius
832 2338 917 2403 alter
931 2341 1072 2418 arabat;

287 2462 379 2545 Quot
395 2482 487 2524 sacra
504 2479 601 2521 mane
616 2459 739 2522 cubant
756 2480 815 2540 per
830 2460 1052 2524 tintinnabula
1068 2459 1199 2532 alumni,

287 2582 410 2648 Pocula
426 2590 507 2665 quot
520 2580 658 2662 juvenes
675 2580 818 2643 reddunt
835 2590 933 2664 epota
950 2582 1097 2645 disertos.

288 2705 369 2768 Dira
385 2702 596 2766 laborantum
613 2701 738 2764 interea
752 2723 820 2764 vox
836 2714 993 2784 provocat
1008 2722 1127 2786 agmen
1142 2721 1149 2776 ;

286 2827 428 2908 Jamque
446 2826 607 2887 immensa
621 2823 728 2886 virum
742 2823 873 2904 jactans
889 2826 1066 2905 spiramina
1084 2823 1205 2886 Carnus

288 2947 333 3012 Se
349 2954 449 3028 negat
465 2953 499 3008 et
515 2944 601 3008 binis
617 2953 811 3007 contentum
829 2944 990 3024 millibus;
1014 2965 1092 3028 ergo

287 3069 357 3132 Vos
372 3067 461 3149 agite
477 3065 508 3132 Ο
525 3085 634 3128 rerum
650 3065 770 3147 quibus
787 3066 942 3129 inclinata
958 3066 1117 3129 recumbit

288 3190 400 3255 Gloria
416 3185 622 3251 nostrarum!
647 3185 768 3266 duplici
781 3187 852 3268 jam
869 3188 1012 3268 rumpite
1028 3206 1122 3251 cursu

288 3313 360 3386 Ilia,
373 3312 443 3392 jam
459 3308 606 3392 duplices
623 3307 784 3389 tentigine
799 3308 910 3372 ducite
925 3309 1060 3371 nervos!

289 3435 341 3499 Ite
356 3443 390 3496 et
406 3431 523 3494 nudati
538 3430 602 3493 tria
618 3426 721 3490 millia
736 3429 855 3492 currite
870 3449 877 3504 ;
901 3437 934 3491 et
950 3436 1046 3493 octo:

287 3557 377 3641 Quin
392 3553 504 3636 potius
518 3559 681 3615 tectorum
697 3551 807 3630 apices
823 3549 1033 3612 conscendite
1049 3564 1203 3616 summas,

286 3680 403 3745 Victor
418 3683 455 3738 ut
470 3671 591 3737 evadat
607 3670 796 3744 certamine,
813 3669 961 3752 quisquis
977 3670 1020 3732 ab
1036 3670 1102 3732 imo

285 3803 372 3868 Viva
387 3796 579 3881 pavimento
595 3789 748 3854 salientia
762 3809 857 3853 crura
873 3797 1025 3869 reportet.
