2918 4570
577 390 670 443 ANB
692 389 842 445 POEMS.

653 964 763 1028 XXV.

344 1165 385 1232 Σὲ
401 1164 425 1230 δ’
442 1166 478 1232 οὐ
493 1165 624 1250 διέξουσ’
641 1166 752 1250 ἡμέραι
766 1167 900 1248 πολλαί,
916 1168 1032 1262 τέκνου,

343 1289 399 1353 καί
412 1290 442 1352 α’
459 1288 556 1354 οὐκέτ’
572 1292 604 1354 ἐν
619 1291 664 1375 τῷ
678 1287 775 1354 παντὶ
788 1289 999 1375 προσβλέψει
1014 1288 1117 1374 δρόμῳ

343 1409 360 1476 ὁ
375 1411 483 1476 πάντα
497 1409 644 1476 λεύσσων
656 1409 774 1475 Ἡλίου
790 1408 904 1476 κύκλος
920 1412 1020 1476 πάλιν
1032 1433 1040 1449 ·

342 1531 405 1598 οὐδ’
421 1532 441 1613 ἡ
455 1531 588 1611 μυδῶσα
602 1531 700 1620 χθών,
716 1532 796 1597 ὅπου
812 1533 900 1597 νέκυν
915 1533 1006 1597 σέθεν

340 1653 515 1735 ε’θάπτομεν
530 1655 701 1732 κλαίοντες,
716 1652 778 1718 οὐδ’
795 1650 811 1717 ό
827 1652 954 1718 πόντιος

341 1776 461 1839 κόλπος
475 1774 515 1838 τὰ
529 1773 616 1838 λοίπ’
632 1777 757 1860 ἐναργὲς
772 1775 904 1860 ἀμφέξει
920 1775 1035 1855 δέμας·

342 1897 415 1958 ἀλλ’
431 1895 451 1976 ἦ
467 1895 497 1960 σ’
515 1895 632 1981 ἔθρεψε
648 1897 729 1960 Γαῖα
743 1893 800 1962 τάς
816 1897 965 1965 Βλάστας
980 1898 1072 1962 σεθὲν

341 2015 408 2080 αὕτ’
424 2014 554 2099 ἀξιώσει
569 2021 735 2097 συμμιγεῖς
748 2014 829 2106 γαίᾳ
842 2019 957 2092 λαβεῖν
968 2043 976 2057 ·

341 2137 417 2202 ὥστ’
430 2137 596 2203 ἐκδεδυκὼς
611 2142 722 2203 πᾶσαν
737 2139 904 2222 ἀνθρώπου
920 2138 1028 2223 φύσιν,

340 2257 401 2323 οὐδ’
418 2257 461 2324 ὢν
477 2261 544 2323 κατ’
561 2259 655 2324 αὐτὸν
670 2258 773 2339 αὐτάς,
790 2259 911 2348 οἰχήσει
928 2260 1029 2341 μιγεὶς

339 2379 387 2444 ἀεί
401 2381 546 2445 παλαιὰν
560 2384 591 2445 ἐς
606 2379 806 2446 κατάποσιν
820 2381 953 2469 χθονός’.

338 2504 468 2585 πέτραις
483 2501 508 2566 δ’
524 2501 662 2588 ἀδελφὸς
677 2506 746 2568 τοῖς
760 2501 959 2584 ἀναισθήτοις
974 2501 1050 2579 ἔσει,

338 2623 534 2711 κάμῃχάνοις
548 2625 716 2704 βώλοισιυ,
732 2623 770 2689 ἀς
785 2650 833 2689 τις
847 2621 982 2707 άγράτης

337 2745 484 2829 στρίψας
498 2745 620 2831 ἀρότρῳ
638 2746 723 2831 κάρτ’
739 2744 906 2812 ἐλάκτισεν
920 2743 1011 2811 ποδί·

336 2868 421 2946 ῥίζας
437 2867 463 2930 δ’
479 2868 606 2930 ὑπεῖναι
622 2867 735 2947 μυρίας
749 2865 854 2950 πάντῃ
869 2865 958 2954 δρύες

336 2987 393 3068 τὴν
408 2987 469 3066 σὴν
483 2990 623 3073 περῶσιν
638 2987 832 3066 ἐντετηκάτος
847 2987 950 3052 κόνιν·

335 3111 410 3174 ἀλλ’
427 3110 483 3175 οὐκ
497 3115 609 3191 ἐρῆμος
624 3107 690 3174 οὔθ’
707 3107 835 3191 ὁμιλίας
851 3108 927 3197 δίχα

334 3234 447 3318 χωρῶν
461 3235 491 3296 ἐς
505 3232 690 3318 ἀείφρουρον
704 3230 838 3312 ἑγκείσει
853 3231 974 3318 μυχόν·

336 3359 389 3417 καὶ
404 3353 466 3438 γὰρ
481 3354 630 3435 γέροντας
644 3356 700 3434 τῆς
716 3352 785 3418 νέας
800 3351 915 3439 χθονός
931 3351 1022 3416 σεθεν

335 3473 412 3556 ἕξεις
427 3477 605 3539 συνεύνους·
627 3476 660 3538 ἐν
675 3472 707 3538 δὲ
722 3473 859 3559 κοίρανοι
874 3475 980 3538 πάλαι

335 3593 598 3682 άρχαιάπλουτοι,
614 3591 671 3681 χοὶ
683 3593 780 3680 σοφοὶ
795 3594 992 3675 κεκμηκότες,

333 3714 447 3781 πολιοί
457 3742 491 3782 τε
505 3715 642 3798 μάντεις,
658 3718 720 3781 τῶν
735 3741 769 3782 τε
783 3715 860 3801 πρὶν
873 3715 995 3799 μορφαὶ
1011 3713 1110 3779 καλοὶ

336 3841 390 3917 τῆς
405 3841 463 3920 γῆς
478 3837 588 3924 ἔχουσι
603 3834 691 3902 τόνδε
706 3835 878 3920 πάγκοινον
893 3836 1005 3922 τάφον.
