2872 4570
547 382 641 437 ΛΝΒ
663 382 813 438 POEMS.

655 851 715 914 VI.

185 1057 369 1129 DIXERAT,
386 1063 487 1136 atque
503 1053 595 1119 illum
612 1053 781 1139 fastusque
797 1057 927 1140 irasque
942 1057 1092 1122 locutum

184 1177 348 1240 Audierat
362 1175 514 1259 populus,
531 1177 717 1260 longusque
733 1198 792 1260 per
806 1199 905 1242 omne
922 1179 1066 1261 remugit
1094 1185 1097 1190 '

185 1297 369 1363 Concilium
386 1296 515 1371 fremor,
531 1306 565 1360 et
580 1297 668 1361 luctu
685 1307 798 1380 stupet
814 1299 916 1364 inscia
931 1301 1038 1386 turba.

186 1419 247 1483 Ille
262 1419 382 1501 pedem
398 1418 549 1492 referens,
564 1417 660 1482 hilari
676 1420 830 1502 cingente
844 1423 966 1484 corona

185 1540 388 1605 Cunctantes
415 1538 530 1622 liquit;
553 1539 766 1623 gelidamque
790 1541 880 1604 haud
906 1542 1082 1605 immemor
1107 1561 1180 1605 um·

238 1693 243 1703 ·
271 1661 365 1724 bram

184 1781 400 1864 Dilectosque
416 1781 500 1862 petit
516 1780 627 1844 lucos:
649 1780 695 1843 ibi
711 1779 856 1844 fluminis
872 1801 983 1845 errans

184 1903 337 1984 Margine
351 1911 513 1985 perpetuo
529 1911 638 1965 mutat
653 1901 800 1983 palmeta
816 1911 937 1978 meatu,

184 2024 285 2088 Felici
302 2043 436 2087 nemora
451 2022 615 2106 hospitio:
638 2025 731 2105 queis
747 2022 817 2085 sole
832 2043 992 2086 cacumen

184 2145 285 2208 Laeve
300 2145 362 2208 sub
378 2144 516 2208 adverso
532 2142 729 2226 resplendet,
745 2143 894 2225 gramine
909 2145 1032 2207 caudix

184 2265 364 2348 Lucifugus
380 2266 519 2347 penitus,
535 2265 705 2347 densoque
720 2265 754 2327 in
770 2263 850 2328 flore
865 2264 1002 2330 latescit

183 2387 305 2471 Qualia
320 2386 471 2468 deposito
487 2386 604 2450 deceat
619 2386 745 2449 fervore
759 2386 937 2467 juventam

184 2508 341 2585 incolere,
357 2518 390 2572 et
409 2508 527 2591 longos
543 2529 693 2572 securam
708 2529 842 2591 carpere
858 2527 1002 2585 somnos,
1097 2544 1099 2548 ·

183 2631 266 2693 Inve
281 2629 353 2693 dies
369 2628 516 2704 lustrare,
533 2630 636 2712 pedes
652 2650 760 2712 neque
776 2629 903 2695 solvere
920 2630 1023 2696 laetos

184 2750 262 2814 Huc
278 2749 477 2814 succedebat
493 2750 604 2814 medio
620 2771 680 2813 rex
697 2749 774 2813 solis
791 2750 900 2814 abacti

184 2871 362 2947 Curricu10,
378 2874 472 2935 rosea
488 2871 661 2936 devinctus
676 2879 829 2951 tempora
844 2873 937 2950 vitta,

182 2992 402 3074 Ducebatque
417 2992 488 3055 dies
503 2991 628 3074 epulis:
651 3001 695 3069 at,
710 2991 780 3056 sole
795 2993 943 3071 cadente,

182 3113 274 3178 Inter
289 3113 482 3196 tranquillos
498 3123 631 3177 centum
648 3113 772 3179 funalia
786 3113 879 3178 lucos

181 3235 243 3299 Per
259 3256 367 3299 ramos
383 3235 518 3318 vulgata
534 3235 725 3317 umbrisque
741 3236 897 3300 micantia
912 3236 1031 3315 lucent,

180 3357 423 3441 Apparentque
438 3359 526 3421 intus
542 3357 692 3421 convivia
707 3355 785 3420 laeta
800 3357 944 3421 tumultu

179 3481 255 3562 Jam
272 3480 391 3557 medi0,
408 3489 608 3562 structaeque
623 3479 736 3561 dapes,
751 3486 854 3561 atque
869 3500 926 3543 ora
942 3481 1124 3560 bibentum,

182 3603 227 3666 Et
243 3612 418 3684 spumante
433 3622 513 3665 auro
529 3599 714 3664 carchesia:
737 3620 811 3682 quae
827 3620 926 3682 super
939 3602 1008 3666 alto

180 3723 330 3788 Obtentu
347 3722 433 3800 solia,
450 3732 487 3786 ut
503 3721 594 3785 fusco
610 3720 766 3804 laqueata
782 3721 926 3798 meta110,

179 3845 367 3930 Argenteas
384 3847 489 3910 Lunae
505 3843 636 3907 findunt
652 3842 778 3906 offensa
794 3843 940 3925 sagittas.

625 3974 641 4012 C
661 3974 676 4011 2
