2872 4570
559 411 586 464 Α
614 411 665 465 SA
673 412 700 465 T
696 412 775 466 IRE.

218 591 262 652 Et
278 609 380 672 quum
398 590 546 653 membra
561 590 646 653 adeo
659 589 819 671 juvenilia
834 587 901 653 tale
917 588 1035 671 fatiget

172 710 330 775 Certandi
347 711 530 786 cacoethes
548 712 636 774 idem
653 732 761 774 nonne
778 711 880 775 inficit
897 712 967 793 ipsa

173 831 321 913 Ingenia,
339 839 376 894 ut
392 831 553 895 ‘Primas’
570 833 676 914 pretio
692 853 890 914 quocunque
906 830 1096 913 requirant?
1174 843 1176 849 '

172 952 295 1017 Omnia
310 952 468 1015 certando
484 919 587 1016 fiunt:
611 962 643 1016 et
659 960 755 1035 turpe
771 953 909 1036 relinqui
926 962 996 1017 est:

170 1074 243 1137 Nec
254 1074 326 1156 jam
343 1095 394 1136 res
410 1075 507 1155 ipsaS,
525 1074 583 1137 sed
600 1095 708 1138 rerum
724 1073 861 1156 praemia
877 1083 999 1138 curant.

172 1195 241 1259 En!
262 1194 402 1277 juvenis,
419 1215 519 1276 quem
533 1196 602 1277 jam
619 1196 753 1277 propior
768 1196 901 1258 tortoris
918 1196 1029 1276 imago

170 1315 286 1399 Atque
302 1337 413 1379 cruces
429 1317 563 1378 turbant
580 1306 662 1398 quas
678 1316 870 1380 tractandas
886 1316 999 1381 schola
1015 1324 1128 1398 ponat,

172 1436 300 1500 Exulat
316 1437 489 1499 immersus
505 1438 622 1500 studiis
639 1439 671 1500 in
686 1438 784 1502 devia
800 1458 874 1500 rura

172 1557 302 1632 Secum,
319 1578 380 1620 nec
395 1568 501 1621 coetus
517 1558 660 1640 aequales
676 1569 767 1622 curat
782 1560 881 1622 adire.

149 1653 151 1657 ι
173 1674 276 1744 Haud
293 1681 394 1757 illum,
409 1703 511 1763 quum
529 1691 630 1744 nauta
645 1682 763 1757 furens,
781 1692 814 1744 et
829 1682 973 1764 pessima
989 1680 1082 1762 plebs
1099 1690 1158 1756 est,

173 1802 387 1867 Grassantem
404 1803 544 1883 aspicias
558 1803 638 1864 Alto
654 1803 715 1866 sub
731 1812 828 1866 nocte
846 1803 1047 1866 Novembri:

173 1923 274 1987 Ocius
290 1924 439 1986 insanam
457 1922 616 2004 Quintam
633 1922 717 2004 sugit
732 1922 762 1985 ε*
786 1923 876 1986 ocius
892 1923 948 1984 illo

174 2045 249 2127 Qui,
264 2066 366 2127 quum
383 2045 489 2127 prisca
505 2045 554 2107 sui
571 2045 654 2125 petit
671 2044 800 2106 institor
815 2064 880 2105 aera
896 2042 1006 2118 libelli,

173 2166 285 2248 Sepsit
301 2187 336 2229 se
351 2174 491 2248 ‘quercu
505 2166 512 2192 ’
528 2167 707 2247 trepidam,
724 2175 758 2229 et
773 2167 889 2230 abesse
905 2143 1040 2228 videtur.

172 2290 306 2372 Quippe
321 2291 421 2367 dolet,
437 2292 483 2354 sic
500 2291 597 2365 sama,
611 2299 720 2372 caput,
734 2291 823 2372 quod
841 2290 927 2353 suste
942 2289 1092 2352 dolatum
1109 2298 1168 2365 est,

173 2412 382 2494 Luminaque
397 2413 590 2476 excruciant
607 2413 742 2475 miseros
758 2421 896 2476 contusa
912 2412 1067 2493 legentes.

172 2532 305 2596 Grande
321 2535 421 2596 etiam
438 2544 605 2597 certamen
620 2533 723 2597 adest.
770 2533 855 2616 Quae
870 2533 974 2616 gloria
991 2533 1122 2609 Classis,

171 2658 264 2740 Quos
280 2659 374 2724 labor
389 2659 443 2722 ille
458 2658 543 2722 ferat
558 2658 692 2735 fructus,
709 2668 780 2722 tum
798 2660 894 2734 ndriS,
911 2659 966 2722 ubi
982 2659 1063 2721 hora

171 2781 285 2844 Tertia
300 2782 458 2863 praeteriit
473 2781 701 2856 scribentibus,
717 2790 816 2864 atque
833 2782 981 2863 magistri

170 2900 298 2964 Blanda
315 2903 483 2985 requisivit
499 2923 566 2964 vox
582 2901 712 2965 tradere
728 2923 895 2984 quemque
910 2923 1055 2984 papyros
1070 2921 1078 2978 ;

171 3023 248 3086 Non
265 3033 377 3086 tamen
394 3023 461 3086 ulla
476 3024 552 3087 viris
569 3024 706 3106 requieS,
723 3044 788 3086 non
805 3025 909 3086 secius
925 3044 1040 3087 omnes

171 3145 373 3208 Incumbunt
390 3146 499 3209 studio
515 3147 651 3228 ingenti,
668 3145 879 3229 calamusque
896 3145 1053 3210 molestos

170 3265 239 3327 Dat
255 3267 419 3347 strepitus
436 3274 575 3348 urgente
592 3285 711 3328 manu:
732 3265 827 3346 juvat
842 3265 964 3329 addere
979 3265 1118 3341 chartas

171 3387 327 3469 Dumque
343 3387 397 3450 alii
414 3387 558 3478 scribant
575 3406 690 3469 nugaS,
705 3395 756 3449 tot
771 3386 911 3450 scribere
927 3396 960 3449 et
977 3387 1091 3469 ipsum.

204 3523 217 3549 ⁴*
234 3523 272 3573 Cf.
288 3523 358 3588 Virg.
377 3524 457 3587 Goorg.
473 3523 489 3571 i.
505 3533 573 3584 277:

470 3606 605 3668 ‘Quintam
616 3604 673 3668 fuge
686 3623 692 3654 ι
710 3604 817 3669 pallidus
830 3605 917 3664 Orcus,

335 3688 534 3752 Eumenidesque
546 3688 624 3736 satae.'

204 3769 270 3818 Mira
281 3771 381 3835 quidem
397 3770 528 3836 prudentia
543 3771 641 3818 videtur
658 3770 777 3834 Virgilius
791 3769 893 3819 innuere
905 3770 1036 3818 Nonamm
1053 3770 1163 3818 Novem-

171 3854 260 3914 brium,
275 3855 318 3919 qui
330 3856 396 3919 apud
409 3871 454 3904 nos
465 3854 518 3914 fuit,
530 3853 652 3912 tumultui,
665 3855 784 3918 saevisque
797 3853 846 3901 illis
862 3853 1055 3902 execrationibus
1069 3852 1164 3915 (ὅρκοις)

171 3935 340 4004 horrificisque
351 3939 394 3988 leti
406 3937 487 3998 minis,
502 3952 563 4003 quas
575 3937 706 3985 Duumviri
718 3936 778 3985 vicis
789 3937 908 4000 pacandis
919 3951 983 3999 aegre
995 3935 1151 3985 cohibebant.
