2918 4570
504 399 518 420 ἰ
550 383 643 438 AND
666 371 817 436 POEMS.

286 1043 448 1104 cAEsAR
476 1027 537 1102 [Ν
562 1031 753 1102 sanaris
773 1040 1101 1102 Jurnnrncws,
1160 1017 1164 1076 ἶ

492 1188 633 1250 Suetonius,
649 1189 739 1248 Caesar,
753 1203 774 1238 c.
789 1186 830 1248 81,
844 1185 885 1240 82.

233 1360 251 1395 ι
383 1358 402 1393 e
535 1357 553 1392 ι
687 1357 705 1392 ι
839 1357 857 1392 ι
991 1357 1009 1391 ι

187 1483 331 1566 Jamque
346 1480 478 1545 Aurora
494 1480 593 1555 diem,
609 1500 677 1564 quo
692 1500 759 1543 non
775 1479 946 1563 lugubrior
960 1479 1046 1545 alter
1077 1505 1080 1510 ·

190 1604 364 1688 Sperserat
381 1603 454 1665 Eoo
471 1601 637 1684 Septenos
654 1600 779 1664 lumine
795 1602 941 1674 Montes,
981 1625 984 1630 ¹

191 1724 325 1789 Fatales
343 1724 432 1798 ldus,
448 1722 543 1788 tarde
559 1723 727 1798 subvecta,
743 1722 905 1786 trahebat.

190 1848 279 1910 Tum
295 1866 428 1929 quoque
444 1845 620 1928 rumpebat
636 1844 714 1909 diris
731 1843 1003 1927 Calpumia·fatis
1083 1868 1087 1874 ·

193 1970 325 2054 Sponsa
340 1969 419 2044 viro,
435 1977 549 2032 tamen
565 1967 636 2050 ipsa
652 1967 721 2032 viro
738 1988 803 2030 non
820 1967 953 2044 credita,
969 1988 1096 2046 vocem,

194 2091 433 2172 Foemineoque
450 2111 559 2154 moras
576 2089 666 2155 luctu
684 2091 839 2181 nectebat
855 2090 979 2154 inanes

195 2305 300 2374 Fama
315 2310 375 2378 est,
392 2321 467 2366 cum
482 2300 550 2384 Jull
565 2321 635 2365 nox
651 2301 851 2384 intempesta
866 2301 1057 2385 supremum
1159 2352 1163 2368 .

194 2423 344 2488 Laxaret
360 2443 454 2488 curas
469 2432 505 2487 et
520 2423 671 2488 membra
686 2422 791 2487 oblita
806 2421 968 2500 laborum,
1025 2483 1027 2488 .

197 2543 294 2608 lllam
310 2543 395 2607 inter
410 2544 565 2607 tenebras
581 2543 758 2608 ducentem
776 2544 940 2615 insomnia
955 2544 1067 2611 tristes
1162 2600 1167 2608 .

195 2666 342 2730 Audisse
358 2665 390 2728 in
407 2685 555 2748 praeceps
571 2663 645 2727 serri
662 2664 817 2748 prolapsa
832 2665 1008 2729 domorum
1035 2721 1039 2728 .
1101 2719 1102 2722 ,

197 2787 363 2862 Culmina,
374 2796 414 2856 ‚et
430 2785 574 2867 impulsu
590 2795 722 2876 vastum
739 2785 876 2849 miscere
891 2783 1056 2867 fragorem
1071 2804 1079 2862 ;

198 2908 320 2975 Omine
335 2927 403 2990 quo
419 2905 584 2988 pavidam,
601 2914 638 2970 ut
654 2905 796 2996 primum
813 2905 952 2988 lugubre
968 2906 1099 2978 ruberet

199 3029 331 3095 Nuncia
346 3048 406 3110 per
420 3025 542 3091 bifores
558 3047 683 3089 aurorae
700 3025 784 3090 rima
798 2996 967 3104 fenestras,
1122 3019 1125 3023 ⁵

199 3151 354 3219 Candida
369 3149 502 3216 miranti
519 3148 766 3214 circumfudisse
781 3147 903 3212 marito

200 3274 348 3351 Brachia,
365 3282 407 3351 et,
424 3271 538 3359 uxoris
553 3270 581 3336 si
596 3269 676 3354 quid
692 3269 748 3353 pia
763 3289 841 3333 cura
856 3279 1013 3347 moveret,

202 3397 362 3480 Conjugis
376 3396 463 3461 hanc
479 3395 587 3460 lucem
602 3393 703 3458 vellet
719 3393 843 3458 donare
858 3393 978 3469 timori,
1073 3377 1075 3380 ⁵
1116 3446 1120 3455 .

203 3519 334 3595 Orissa
351 3517 479 3584 insestae
496 3538 559 3580 neu
576 3538 611 3581 se
627 3515 722 3579 daret
737 3515 855 3579 obvius
873 3515 965 3580 Urbi.
1031 3567 1032 3570 ,

203 3731 254 3795 At
270 3729 438 3807 Decimus,
453 3729 547 3794 vultu
564 3729 688 3820 priscos
705 3726 863 3792 mentitus
879 3725 1011 3790 amores

205 3851 300 3936 Quos
316 3838 385 3913 non
390 3837 551 3934 ¹promissi
567 3848 683 3924 fasceS,
700 3868 766 3911 non
783 3847 855 3929 ipsa
870 3845 998 3927 redegit
1090 3850 1092 3853 ’
1163 3857 1169 3864 “
