2872 4570
526 391 554 444 Α
581 391 631 445 SA
639 391 665 444 T
663 391 741 444 IRE.
936 391 940 398 '
1119 403 1134 458 3

142 567 287 630 Rursum
304 567 412 632 aliud:
436 590 508 644 neu,
523 579 627 652 quum
643 569 753 633 tulerit
770 578 936 634 certamen
953 590 1061 632 arenae

142 690 280 755 Summa
296 691 375 766 dies,
391 691 479 772 prius
496 692 684 754 exanimem
701 711 736 753 se
752 692 785 753 in
801 691 935 772 pulvere
950 691 1062 754 volvat

141 812 251 894 Quam
267 822 361 876 vasto
377 823 531 876 octavum
548 813 692 895 singultu
709 813 892 895 expleverit
907 814 1030 878 orbem.

143 934 240 997 Illum
257 935 349 998 ducit
365 955 459 997 amor
474 934 561 1016 pocli
576 935 716 997 victricis
731 935 857 997 avitum

142 1053 296 1119 Omaturi
312 1056 460 1119 abacum.
509 1054 576 1119 Sed
593 1075 696 1136 equos
712 1054 911 1118 contendere
926 1054 1040 1118 credas

142 1177 260 1238 Fervet
276 1177 331 1238 ubi
347 1196 483 1257 campus
499 1175 741 1257 stipulantibus
759 1185 792 1238 et
807 1185 904 1238 sonat
919 1176 1035 1258 ingens

143 1303 293 1386 Sponsi0.
340 1303 464 1386 Quidni
481 1305 628 1366 etenim?
675 1303 803 1366 Merces
818 1302 990 1365 hominum
1006 1324 1138 1385 quoque

229 1446 318 1488 carnr

145 1546 246 1610 Nulla
261 1546 347 1609 erit?
394 1547 483 1609 Hinc
499 1547 646 1621 aberunt,
662 1547 717 1629 qui
733 1546 881 1628 gaudent
897 1547 1010 1609 codice
1026 1545 1114 1610 lacto

143 1668 173 1730 E
192 1668 315 1731 damno
330 1667 464 1732 alterius
479 1678 586 1731 certos
602 1667 740 1731 educere
757 1689 917 1732 nummos,

144 1795 271 1860 Graecia
286 1797 410 1879 quippe
425 1798 484 1859 sua
500 1794 670 1878 quondam
687 1795 834 1859 certabat
850 1797 949 1858 arena
963 1815 970 1871 ;

144 1917 215 1980 Nec
232 1915 324 1981 labor
340 1918 485 1999 ingratus
500 1917 625 1990 victori,
641 1917 696 1978 ubi
712 1917 859 1978 carmina
873 1925 988 1979 vatum

144 2037 189 2101 Et
205 2057 279 2117 spes
295 2045 328 2099 et
344 2035 478 2118 plausus
494 2043 527 2098 et
543 2034 684 2117 plurima
700 2034 811 2116 palma
826 2055 959 2097 suorum

126 2147 129 2152 ³
143 2157 285 2239 Accepit
299 2159 486 2221 venientem
501 2177 509 2235 ;
533 2167 565 2220 et
581 2165 696 2220 sancto
711 2177 846 2238 vespere
862 2153 978 2222 Phoebi

142 2278 257 2342 Aurea
271 2279 432 2361 tangebat
446 2278 506 2342 lux
521 2277 664 2360 Alphea,
682 2278 835 2361 claraque
852 2280 936 2342 Pisae

144 2399 320 2474 Marmora,
337 2398 595 2481 Phidiacumque
610 2400 736 2480 Jovem,
753 2399 921 2482 saltusque
938 2400 1066 2483 Lyaeos,

144 2521 245 2585 Sacra
259 2530 371 2584 tamen
387 2529 458 2584 turn
475 2520 563 2585 fama
578 2523 673 2598 viros,
689 2543 781 2586 sacra
797 2524 933 2604 praemia
949 2525 1073 2588 ducunt
1089 2545 1096 2602 ;

145 2643 185 2706 In
200 2643 335 2706 solenne
349 2652 446 2706 vocat
461 2653 628 2707 certarnen
645 2644 804 2727 Olympia
820 2645 923 2720 divos,

144 2765 189 2827 Et
205 2774 338 2828 centurn
354 2765 456 2846 partis
472 2766 639 2827 sociantur
652 2763 831 2830 honoribus
848 2767 953 2830 urbes.

141 2886 244 2949 Adde
259 2886 373 2968 polum
389 2887 517 2962 sudum,
535 2887 697 2969 flatusque
713 2909 732 2950 a
749 2895 862 2950 monte
878 2887 1018 2951 serentes

143 3007 287 3071 Delicias
303 3029 464 3084 aurarum,
482 3017 514 3072 et
531 3009 618 3072 claro
634 3009 703 3072 sole
719 3009 866 3072 nitorem.

143 3129 224 3206 Nos,
240 3130 359 3211 quibus
375 3131 439 3193 ista
454 3129 563 3212 placet
578 3132 703 3194 cineres
719 3129 855 3193 saluisse
871 3149 929 3212 per
944 3139 1032 3194 atros

143 3249 264 3326 Gloria,
281 3260 314 3313 et
329 3250 397 3314 alta
413 3261 530 3332 petunt
546 3249 739 3333 plumbeum
755 3252 894 3333 suspiria
910 3231 1050 3334 poclum,

142 3371 311 3435 Currimus
328 3371 429 3434 invita
444 3371 560 3435 tellure
577 3380 677 3453 atque
692 3379 767 3434 aere
783 3380 816 3434 et
831 3374 924 3436 auris

141 3492 192 3556 At
209 3493 327 3557 Graius
343 3493 432 3557 solas
449 3514 520 3556 mos
537 3494 636 3556 afficit
653 3492 707 3556 ille
723 3491 916 3574 palaestras?

143 3614 264 3677 Nonne
280 3636 399 3678 novam
416 3615 554 3678 sormam
572 3623 691 3678 nostrae
708 3615 860 3678 invenere
875 3614 994 3696 puellae

143 3737 304 3811 Incesslls
323 3737 489 3820 Graioque
505 3738 576 3800 sinu
593 3757 651 3798 sua
667 3755 805 3818 corpora
821 3735 982 3800 flectunt?

145 3857 277 3922 Scilicet
292 3858 355 3921 hoc
371 3880 441 3921 aevo
457 3858 615 3941 placitum
632 3865 702 3934 est;
718 3857 770 3920 via
786 3865 900 3938 peccat
916 3856 1023 3931 eundi,

621 4005 665 4042 132
