2872 4570
433 414 435 420 ’
537 401 630 454 AND
653 401 803 456 POEMS.

624 682 717 745 XIV.

174 875 397 938 DESERIMUS
415 870 554 947 Pharon,
571 881 603 935 et
620 883 738 935 nautas
754 872 899 936 arcentia
916 873 1019 956 signa,

218 996 303 1080 Quae
320 994 450 1058 fluitant
466 994 620 1058 brevibus
635 994 831 1058 versicolora
846 997 939 1060 vadis
953 1017 960 1073 ;

176 1119 375 1200 Laetitiaque
391 1107 514 1180 micant
530 1115 629 1178 corda
645 1115 856 1192 exsultantia,
873 1119 965 1198 ponti

221 1240 350 1304 Ultima
366 1238 446 1300 dum
462 1237 630 1319 sequimur
645 1257 745 1319 regna
762 1239 957 1323 Notumque
973 1240 1069 1323 sugd;

176 1362 279 1445 Quels
295 1381 430 1425 curvum
447 1361 548 1433 littus,
565 1359 745 1441 pelagusve
761 1359 946 1442 legentibus
963 1364 1068 1427 altum

221 1485 350 1549 Cuncta
366 1503 473 1558 sonos
490 1480 589 1544 facies
604 1491 722 1545 cuncta
738 1482 859 1547 dedere
876 1506 995 1561 novas;

177 1607 248 1668 Nec
265 1605 357 1668 sestae
375 1625 434 1667 nos
451 1615 540 1667 meta
556 1605 627 1678 viae,
644 1603 784 1686 finisque
800 1606 943 1686 vagandi
1013 1626 1015 1630 ⁴

222 1727 379 1791 Continet
388 1748 396 1804 ;
419 1735 579 1788 aetemum
595 1725 715 1788 sufficit
731 1726 817 1788 orbis
834 1726 902 1789 iter.

179 1934 310 2016 Saepius
326 1932 388 1997 ah!
412 1932 515 1996 solem
532 1941 604 1994 tum
621 1932 852 1996 condebamus·
862 1933 895 1994 in
911 1932 1025 2008 altum,

224 2056 336 2139 Quum
353 2076 426 2118 sero
444 2055 624 2136 Hesperias
641 2064 748 2117 ureret
766 2056 841 2138 igne
858 2055 952 2129 sores,

179 2179 295 2261 Atque
311 2199 379 2242 suae
395 2177 476 2242 lucis
493 2178 603 2240 medio
619 2178 661 2241 de
678 2177 760 2242 calle
776 2179 951 2242 cadentem

225 2299 450 2362 Flammarum
467 2308 631 2380 premeret
648 2299 747 2381 longa
763 2298 918 2363 columna
934 2300 1042 2363 deum.

181 2422 311 2504 Saepius
327 2431 360 2485 et
377 2424 471 2485 rosea
486 2431 654 2504 praetexta
670 2423 861 2504 crepuscula
877 2423 949 2487 luce

225 2543 337 2624 Lapsa
354 2542 551 2606 videbamus
567 2542 710 2624 desuper
726 2565 831 2626 usque
846 2544 943 2620 trahi,

181 2665 295 2749 Quum
311 2664 421 2746 pelagi
438 2673 604 2746 praevecta
620 2663 707 2727 latus
724 2665 785 2728 sub
802 2675 899 2729 nocte
916 2669 1065 2749 quietum

227 2787 376 2868 Praeripit
391 2786 557 2849 Auroram
575 2795 686 2850 nostra
702 2788 813 2851 carina
829 2809 957 2852 novam.

183 2999 255 3062 En!
279 3018 365 3062 nova
382 2997 540 3060 continuo
557 3005 698 3073 noctem,
715 3018 816 3080 quam
833 2997 942 3082 longa,
959 3022 1113 3084 supremo

227 3120 375 3202 AEquore
391 3119 433 3182 ab
449 3119 611 3180 undarum
628 3117 735 3182 sidera
750 3119 838 3182 clara
854 3131 952 3184 ruunt
967 3142 973 3197 ;

185 3242 234 3305 Ut
249 3243 315 3305 cita
331 3239 557 3303 conscendunt
573 3237 721 3314 aethram,
737 3241 783 3302 sic
800 3240 893 3304 limes
910 3245 1007 3324 aquai

230 3364 387 3427 Limitem
404 3363 437 3425 in
454 3362 628 3438 alternum,
644 3382 727 3425 nave
743 3362 886 3438 volante,
903 3366 999 3430 cadit.

187 3489 283 3551 Luna
299 3487 400 3550 etiam
417 3484 530 3547 inculti
546 3493 637 3570 trans
654 3506 732 3548 arva
748 3486 908 3552 undantia
925 3492 1027 3570 ponti,

232 3609 462 3682 Nudaaciem‚
480 3606 613 3689 longam
629 3609 835 3691 praecipitare
849 3612 959 3689 viam;

187 3732 254 3798 Seu
271 3731 402 3813 fugiens
417 3750 542 3812 parmae
558 3730 649 3793 velut
666 3731 767 3794 umbo
783 3743 960 3814 argenteus
978 3744 1058 3797 atrae

232 3853 331 3917 Orbis
347 3851 521 3916 inardebat
537 3851 644 3915 cincta
660 3872 782 3933 vapore
798 3854 856 3917 sui.

660 3981 679 4018 D
691 3981 706 4018 2
