2872 4570
568 384 660 438 AND
684 385 833 442 POEMS.
1166 404 1197 444 21

669 746 749 813 VII.

199 930 279 998 AST
294 933 366 998 aliis
382 953 448 997 non
464 933 531 998 ulla
546 934 636 1016 capit
652 933 836 998 tentamina
852 933 952 997 molle

200 1053 393 1137 Ingenium:
416 1055 517 1119 modo
532 1065 568 1120 tu
585 1056 732 1130 nimium,
749 1056 850 1120 modo
866 1057 994 1138 parcius
1010 1077 1107 1138 aequo

199 1175 226 1237 F
228 1177 329 1239 eceris
344 1177 461 1252 officio,
477 1197 645 1259 vanasque
661 1177 861 1258 impenderis
877 1186 972 1241 artes

200 1299 330 1361 Horum
347 1299 447 1381 igitur
462 1299 489 1362 si
505 1299 557 1362 cui
573 1299 744 1362 conaberis
759 1319 832 1362 acre
848 1298 977 1363 locutus

199 1420 342 1502 Captare
358 1420 528 1495 auriculas,
545 1420 653 1502 perdit
668 1441 736 1483 vox
753 1419 820 1484 alta
837 1419 995 1484 tenellum

198 1542 358 1624 Sinciput,
375 1552 412 1606 ut
428 1543 566 1624 strepitu
584 1561 706 1624 magno
722 1541 945 1623 penetrabile:
968 1563 1050 1606 voce
1082 1589 1085 1596 ·

197 1663 233 1726 Si
251 1663 351 1726 modo
368 1663 543 1759 summispt
559 1661 644 1737 saris
657 1662 727 1743 jam
744 1661 838 1744 plura
854 1663 987 1725 nocebis

197 1783 383 1865 Improbus,
398 1792 432 1847 et
447 1783 562 1847 bombi
579 1783 687 1847 lentos
703 1783 875 1847 imitabere
891 1792 1016 1846 cantus.

194 1905 271 1986 Jam
287 1906 424 1969 nimium
441 1906 601 1986 arripiunt
617 1903 721 1967 solem
737 1924 796 1986 per
811 1904 954 1968 claustra
970 1905 1129 1980 fenestrae,

195 2026 241 2089 Et
257 2026 343 2090 male
359 2026 518 2090 sollicitus
535 2027 671 2090 deducis
686 2026 760 2089 vela
775 2047 782 2104 ;
806 2026 864 2090 sed
881 2026 927 2088 illi

195 2149 275 2211 Nox
292 2149 376 2212 ruit:
398 2147 536 2212 hiberno
548 2148 619 2230 jam
635 2157 785 2229 tempore
801 2147 901 2223 frixit,
918 2156 951 2211 et
967 2149 1060 2230 ignes

195 2268 324 2350 Erigis:
347 2269 491 2332 ambusti
508 2270 631 2332 crimen
646 2269 706 2332 tibi
723 2267 780 2332 fiet
796 2269 901 2332 amici.

195 2389 335 2453 Cervina
351 2391 384 2452 in
401 2393 515 2454 mensa
531 2391 650 2469 servet;
674 2390 798 2472 piscem
815 2389 869 2453 ille
885 2391 1037 2472 requirit:

193 2511 229 2575 Si
246 2511 366 2574 mullus
383 2521 531 2593 ponetur,
548 2532 589 2574 eo
605 2532 671 2575 non
687 2519 800 2593 surget
816 2512 926 2574 orexis

193 2632 302 2696 Prima
318 2634 412 2697 cibo:
432 2634 502 2715 jam
519 2634 714 2715 despectum
730 2641 825 2696 vorat
840 2631 951 2696 helluo
967 2633 1101 2714 piscem,

192 2755 337 2837 ipsaque
350 2756 420 2837 jam
437 2756 567 2819 tumido
583 2755 755 2837 praestabit
771 2755 871 2818 dama
886 2775 1046 2836 saporem.

191 2875 300 2940 Triste
316 2877 525 2958 supercilium
542 2878 675 2952 interea,
691 2898 751 2942 nec
766 2886 861 2958 grata
876 2876 1029 2959 voluptas

192 2999 246 3062 Fit
262 3020 376 3075 coenae,
393 3000 472 3063 dum
489 3009 608 3063 cuncta
625 2998 723 3062 avido
739 2997 882 3080 deglutit
897 2997 998 3062 hiatu.

191 3115 301 3180 Omne
316 3118 400 3199 perit
416 3118 476 3180 tibi
493 3118 708 3198 propositum,
724 3117 897 3198 victusque
913 3117 1036 3193 residis‚

190 3238 226 3302 Si
243 3259 368 3302 morem
384 3249 478 3321 gerat
493 3240 563 3321 ipse
578 3239 650 3314 sibi,
668 3238 728 3300 Dis
745 3237 828 3301 sorte
844 3239 1002 3320 benignis

190 3359 239 3422 At
255 3360 422 3441 propriam
438 3361 620 3443 ingeminat
635 3380 748 3422 curam
759 3359 876 3422 miser:
900 3369 1001 3442 utque
1014 3360 1190 3442 placebant

189 3487 259 3549 Vix
275 3487 431 3563 studium,
448 3507 621 3569 moresque
638 3487 694 3560 tui,
711 3487 773 3549 sibi
789 3507 855 3549 non
871 3486 980 3568 placet
995 3486 1108 3551 hilum.

193 3607 327 3673 Scilicet
343 3619 402 3673 aut
417 3630 453 3673 se
469 3610 577 3690 ipsum
593 3628 725 3690 semper
738 3629 861 3671 vexare
874 3608 1004 3689 juvabit

191 3727 265 3790 Aut
280 3727 383 3793 alios:
407 3750 446 3793 ea
461 3729 532 3793 sola
547 3728 672 3793 homini
686 3729 757 3811 jam
773 3730 880 3811 gratia
896 3738 999 3793 restat

192 3848 243 3912 Tu
261 3850 478 3934 quidcunque
495 3851 583 3929 sacis,
600 3851 720 3914 misero
736 3850 932 3934 ingratoque
947 3849 1059 3916 videri.
