2918 4570
552 386 656 441 ’ΛΝΒ
681 387 831 443 POEMS.

447 1079 481 1137 F
482 1077 572 1138 URC
577 1077 678 1138 ULAE
709 1077 763 1137 CA
772 1078 933 1139 UDINAE
943 1105 955 1140 .·

274 1248 382 1300 Cannen
394 1249 511 1298 Latinum
523 1248 672 1300 cancellarii
683 1250 787 1314 praemio
798 1251 927 1313 donatum,
942 1259 967 1301 et
978 1251 1004 1301 in
1015 1252 1127 1304 Theatro

340 1335 511 1388 Shcldoniano
523 1336 654 1386 recitatum
665 1337 707 1387 die
716 1338 786 1403 Junii
797 1339 848 1388 viii.
869 1351 1043 1391 Mocccnxw.

629 1555 768 1583 -οον-

244 1785 380 1869 QUALE
396 1783 459 1846 sub
474 1782 626 1847 Austrini
642 1791 802 1846 vexatum
820 1782 954 1847 flamine
969 1786 1060 1848 venti

243 1906 357 1970 Altius
374 1904 476 1969 illisos
492 1904 621 1980 fluctus,
638 1913 672 1968 et
687 1924 827 1988 spumea
842 1903 965 1969 circum

242 2031 393 2111 AEquora
408 2028 582 2112 proturbat
597 2048 727 2103 saxum,
740 2027 882 2091 necdum
899 2027 1070 2111 improbus
1085 2029 1193 2094 imber

245 2152 398 2218 Necdum
415 2152 523 2228 undae,
539 2155 615 2234 quae
632 2150 722 2215 mille
739 2150 820 2214 mari
836 2149 1014 2215 volvuntur
1028 2153 1072 2217 ab
1087 2153 1164 2230 alto,

242 2275 413 2340 Turritum
429 2293 571 2339 mersere
587 2277 687 2360 caput
699 2281 787 2352 ;-te
803 2271 916 2336 labula
930 2272 1033 2336 talem

245 2396 356 2460 Prisca
372 2395 480 2472 refert,
495 2403 600 2460 tantae
615 2415 697 2478 gens
714 2393 753 2458 o!
777 2415 843 2458 non
859 2395 962 2478 digna
978 2395 1089 2472 ruinae,

245 2517 434 2584 Samnitum
450 2537 533 2599 gens
548 2516 604 2580 dia
619 2515 745 2581 virum!
768 2536 870 2598 quam
887 2517 998 2580 Roma
1013 2516 1125 2582 duello

241 2638 381 2704 AEmula
395 2636 571 2720 frangebat
586 2636 687 2712 lento,
703 2658 805 2719 quam
822 2635 890 2719 pila
904 2645 956 2700 tot
972 2658 1078 2701 annos

243 2761 366 2823 Ferrea
381 2757 590 2822 circumdans
604 2757 697 2821 omni
713 2757 756 2820 de
771 2756 858 2820 valle
872 2759 1054 2839 premebat

245 3002 377 3083 Nempe
393 3000 450 3064 ubi
467 2998 641 3066 Romuleis
657 2996 797 3081 ingloria
813 3006 955 3063 cesserat
971 3000 1070 3064 armis

245 3123 282 3189 Si
298 3143 366 3206 qua
381 3123 471 3207 prius
489 3121 604 3187 Latias
620 3120 707 3186 inter
722 3131 823 3203 caput
839 3121 962 3186 extulit
977 3123 1093 3202 urbes;

245 3246 332 3312 Cum
345 3245 415 3328 jam
432 3246 603 3331 parebant,
620 3243 713 3308 molli
729 3265 805 3327 quae
822 3244 908 3308 Liris
924 3253 1086 3328 aquarum

243 3366 400 3449 Agmine,
416 3389 492 3450 quae
508 3365 634 3431 violens
650 3365 750 3447 longe
766 3364 852 3448 rigat
867 3363 1013 3429 Aufidus
1029 3386 1116 3441 arva,

246 3488 325 3552 Una
340 3488 581 3564 diu,--medios
597 3489 691 3564 inter,
708 3507 792 3570 quos
808 3487 924 3550 stravit
940 3487 1062 3551 inertes

244 3607 389 3673 Victoris
404 3611 489 3676 tanti
505 3609 573 3676 late
589 3630 814 3696 pavor,-una
828 3610 962 3691 tyranni

244 3730 445 3795 Detrectans
457 3733 548 3816 juga,
564 3754 624 3817 per
637 3733 778 3809 cladem,
793 3752 854 3818 per
868 3733 992 3796 damna
1006 3729 1115 3795 viriles

247 3850 412 3916 Servabas
427 3854 567 3930 animos,
583 3854 839 3937 libertatemque
856 3864 1037 3936 paternam.

679 3999 738 4048 uas
