2918 4570
257 400 293 471 96
598 399 626 452 Τ
622 399 790 452 RANSth
797 400 825 452 Τ
821 399 923 453 IONS

258 573 353 656 Quos
368 567 491 636 circum
503 569 634 638 densati
649 570 772 648 hostes,
789 581 824 636 et
839 572 960 653 probra
974 572 1127 654 superbae

259 695 410 761 Illudunt
426 692 535 775 gentis
548 713 556 770 ;
579 703 820 777 promptusque
835 695 868 757 in
884 693 1020 758 vulnera
1036 715 1150 759 mucro

259 813 415 891 Exsiluit,
432 813 533 878 modo
548 824 643 879 torvo
658 817 787 896 animus
804 825 1014 900 contemptor
1029 817 1061 880 in
1080 838 1134 880 ore

260 935 410 1011 Fulserit,
426 944 461 999 et
476 943 608 1017 turpem
624 936 724 1000 corda
740 936 947 1019 indignantia
962 956 1106 1019 poenam.

258 1213 402 1295 Jamque
414 1209 497 1293 jugo
512 1209 678 1273 summissi
695 1231 819 1288 omnes,
835 1208 989 1294 saltuque
1006 1208 1120 1275 relicto

261 1332 391 1399 Ultima
406 1339 551 1395 curvatae
565 1331 755 1395 condebant
770 1333 904 1414 agmina
918 1331 1028 1396 valles.

261 1457 348 1519 Ecce
364 1453 498 1519 autem!
521 1453 706 1536 digressum
722 1454 807 1518 inter
821 1475 979 1518 conversa
994 1474 1194 1537 supremum,
1251 1461 1255 1468 '

260 1577 353 1661 Quas
370 1575 480 1639 fauces
496 1574 614 1650 adiere,
632 1578 770 1658 atraque
784 1576 942 1658 voragine
956 1575 1055 1640 silvas

262 1697 363 1764 Stant
379 1704 466 1759 retro
481 1694 671 1778 speculata:
694 1696 808 1761 oculos
823 1698 882 1761 sed
899 1696 1031 1762 miscuit
1046 1697 1152 1761 imber
1190 1685 1193 1692 ⁴

262 1818 415 1883 Effraenis
431 1817 660 1900 lacrymarum,
677 1827 711 1883 et
726 1819 813 1884 salso
829 1840 901 1884 rore
916 1819 1040 1884 fefellit

261 1940 403 2008 Cladem
419 1938 466 2001 illi
482 1959 568 2003 nunc
584 1959 718 2002 omnem
735 1939 862 2016 animis,
879 1960 1080 2023 omnemque
1096 1939 1263 2022 repulsam

262 2060 485 2143 Concipiunt:
508 2060 609 2123 odere
625 2081 729 2137 auras,
746 2061 847 2126 odere
861 2039 1005 2145 receptae

263 2183 482 2266 Splendorem
500 2183 639 2245 nimium
656 2183 759 2248 lucis:
779 2183 918 2266 jamque
933 2205 1023 2267 aegra
1039 2193 1218 2248 retrorsum

262 2305 349 2371 Cum
365 2303 490 2384 gemitu
506 2303 589 2367 dant
604 2313 707 2388 terga,
723 2314 758 2370 et
774 2325 874 2388 regna
890 2304 994 2369 invisa
1009 2305 1206 2388 relinquunt.

262 2576 329 2660 Qui
344 2569 423 2641 vero
438 2587 519 2654 tum,
537 2578 656 2654 Roma,
673 2577 742 2654 tibi,
759 2579 816 2661 qui
833 2580 932 2644 corde
947 2579 1072 2643 furores

262 2698 414 2781 Surgere,
431 2707 468 2762 ut
484 2697 651 2762 excidium
666 2699 758 2782 genti
775 2700 936 2763 meditata
952 2674 1072 2763 rebelli¹

262 2821 426 2887 Obsessos
443 2821 537 2886 audis
553 2821 649 2895 cives,
666 2841 848 2904 pacemque
864 2829 1015 2885 coactam
1029 2841 1038 2899 ;

261 2940 329 3025 Qui
344 2943 496 3024 gemitus,
513 2952 551 3006 ut
566 2941 692 3006 foedum
709 2962 830 3024 agmen
846 2941 917 3004 sine
933 2940 1039 3014 laude,
1055 2939 1126 3003 sine
1142 2939 1254 3016 armis,

261 3062 410 3125 Traxere
426 3062 459 3124 in
476 3082 587 3125 muros
604 3063 835 3147 latebrosaque
851 3063 997 3145 compita
1012 3056 1108 3126 uicti!

261 3192 269 3220 ⁴
284 3183 413 3249 Siccine
428 3191 479 3246 tot
495 3186 645 3246 nostrum
660 3185 789 3248 exuviis
805 3186 948 3268 impune,
965 3194 1016 3249 tot
1031 3185 1131 3248 armis

262 3314 270 3342 ⁴
287 3305 398 3388 Jactet
413 3324 449 3366 se
464 3302 569 3368 fallax
586 3304 728 3381 Samnis
744 3306 932 3388 llCorvique
949 3304 1135 3388 triumphos

263 3433 271 3463 ‘
288 3428 421 3490 Insidiis
437 3428 569 3492 confisae
586 3437 682 3505 artes,
699 3429 765 3492 cita
780 3427 892 3491 deleat
906 3426 1014 3491 hora?

263 3554 272 3583 ⁴
288 3549 320 3611 N
324 3569 366 3611 on
383 3548 429 3611 ita
443 3568 451 3628 ;
475 3549 554 3632 quin
571 3549 682 3631 potius
699 3549 834 3612 reduces
849 3547 1022 3611 abolemus
1038 3547 1187 3630 iniquam

262 3664 272 3694 ‘
289 3659 408 3722 Pacem
425 3658 504 3735 acie,
520 3667 718 3740 tantumque
735 3657 846 3721 nefas:
870 3666 942 3720 tum
958 3657 1081 3721 sentiat
1097 3657 1203 3722 hostis

450 3908 454 3915 .
473 3871 487 3897 ⁴
505 3869 560 3919 The
573 3884 711 3934 conqueror
722 3868 747 3917 in
760 3868 802 3918 the
814 3867 865 3918 first
877 3868 990 3938 Samnite
1002 3885 1066 3920 war..
1166 3917 1168 3922 .
