2918 4570
564 397 657 452 AND
680 397 831 454 POEMS.

198 568 342 652 Aspice!
365 588 441 652 quae
457 567 568 651 nigras
583 570 670 634 inter
684 571 853 637 flectentia
867 571 971 637 valles

199 691 417 756 Romulidum
433 689 557 774 vexilla
573 691 718 756 micant!
742 693 836 775 queis
851 693 956 759 fertur
970 695 1003 760 in
1018 696 1119 761 armis
1195 715 1215 774 '.

199 812 347 895 Spurius,
364 812 509 876 obsessae
526 832 656 876 mmore
672 813 824 878 incensus
840 834 954 879 amaro

200 935 357 1010 Luceriae,
374 955 440 1012 non
456 933 510 997 ille
526 955 641 1018 aequor
654 943 812 1018 tutasque
826 935 954 999 viarum

197 1057 274 1140 Jam
291 1057 420 1140 patiens
435 1077 564 1122 servare
581 1057 708 1122 morasl
732 1079 792 1141 per
806 1056 950 1123 claustra
962 1059 1121 1142 jugorum

200 1178 303 1254 Invia,
320 1199 379 1262 per
394 1198 510 1242 raucos
525 1177 647 1243 avulsis
664 1178 833 1244 montibus
849 1200 975 1255 amnes,
1085 1202 1088 1208 ¹

199 1298 341 1375 Scilicet,
357 1310 393 1364 et
407 1298 521 1384 populi
537 1301 684 1365 medium
700 1299 872 1384 penetrale
887 1299 1015 1377 ferocis,

200 1423 278 1487 Huc
294 1422 417 1486 molem
433 1422 626 1500 bellantum,
643 1424 707 1488 huc
722 1423 861 1506 longum
878 1423 1018 1506 proripit
1032 1443 1158 1508 agmen

199 1544 244 1609 Et
256 1544 327 1628 jam
344 1544 535 1628 Campanas
549 1554 689 1628 segetes,
705 1555 887 1628 notamque
904 1544 1035 1628 reliquit

199 1666 400 1730 Planitiem:
422 1666 682 1750 necquidquam
699 1666 762 1729 atri
778 1666 840 1730 nisi
857 1686 970 1730 ramea
983 1666 1088 1730 saltis

198 1788 305 1851 Tecta
320 1787 412 1852 videt
425 1806 433 1865 ;
455 1807 514 1851 seu
530 1785 615 1850 sorte
627 1785 717 1869 jugis
733 1785 884 1851 revoluta
899 1787 1048 1854 Taburni

199 1908 325 1973 Nubila
339 1908 523 1996 inaccessas
539 1909 695 1974 nudarint
710 1909 832 1974 vertice
848 1919 971 1986 cautes,

197 2029 321 2107 Altius,
338 2038 372 2093 et
387 2030 499 2113 pronis
513 2039 642 2094 torrens
657 2029 816 2095 effulserit
831 2031 936 2096 undis.

200 2151 369 2236 Demensl
393 2172 461 2216 non
476 2161 584 2217 tectas
598 2150 732 2216 fraudes
747 2171 788 2218 ea
803 2153 888 2218 mira
902 2152 1045 2218 canebat
1139 2173 1141 2178 ·

198 2276 317 2340 Monte
332 2273 435 2357 quies,
452 2295 493 2338 ea
507 2293 602 2338 cassa
616 2294 699 2338 sono
714 2273 857 2340 divortia
871 2273 989 2339 silvae?

197 2395 284 2460 Mox
300 2395 398 2472 idem,
415 2416 477 2461 nec
493 2395 594 2479 longa
609 2405 780 2473 moreest,
795 2396 908 2462 studia
923 2397 988 2462 ista
1002 2396 1168 2480 viamque

198 2517 320 2584 Oderis
334 2516 565 2594 inconsultam,
582 2528 616 2583 et
632 2539 699 2583 non
715 2518 825 2585 fausto
841 2519 920 2584 alite
936 2539 1073 2585 cursus:

69 2689 84 2698 .
199 2641 290 2705 Dum
306 2661 366 2724 pro
382 2639 501 2723 plausu
516 2638 622 2716 hilari,
639 2661 700 2723 pro
715 2640 825 2724 longae
841 2642 988 2707 carmine
1002 2661 1145 2725 pompae,

197 2761 346 2826 Turbam
363 2762 449 2827 inter
464 2782 592 2828 remeas
607 2762 679 2828 dux
694 2761 874 2828 illaudatus
890 2763 1059 2828 inermem.

198 3004 261 3069 Est
276 3004 369 3070 locus
385 3005 493 3070 Italiae
508 3024 612 3090 prope
629 3004 737 3070 Caudi
754 3003 897 3070 moenia:
919 3003 1040 3069 vallem

199 3126 353 3209 Perpetui
369 3128 507 3210 cingunt
523 3137 654 3192 montes
670 3147 678 3204 ;
700 3127 752 3191 cui
768 3127 866 3210 pinus
882 3126 1035 3210 utrinque

196 3249 307 3314 Triste
322 3250 439 3325 virens,
455 3261 491 3315 et
507 3250 600 3334 nigra
616 3249 708 3315 abies
723 3249 911 3315 inamabilis
927 3250 1054 3326 umbri,

112 3444 117 3454 ἡ
198 3371 363 3436 Faucibus
379 3371 541 3437 incumbit
556 3371 673 3436 biviis:
697 3371 851 3454 rivusque
867 3392 927 3455 per
941 3371 1044 3437 imam

198 3491 367 3568 Flectitur,
384 3503 419 3558 et
434 3493 557 3557 celeres
573 3491 673 3576 pleno
688 3492 748 3556 dat
763 3491 900 3556 flumine
915 3501 1033 3558 tortus.

196 3610 293 3694 Apta
307 3612 388 3677 dolo
403 3613 522 3678 Martis
537 3614 655 3678 sedes:
678 3613 724 3679 ibi
740 3612 880 3678 saltibus
894 3613 980 3692 altis,

197 3735 291 3819 Quot
306 3734 394 3800 vada
408 3733 584 3802 *Vulturni
600 3755 750 3814 numero,
766 3746 850 3820 quot
865 3737 908 3804 ab
925 3736 998 3802 ilice
1014 3739 1134 3819 quassa

560 3905 575 3937 '¹'
592 3904 631 3957 Cf.
647 3906 706 3956 AEn.
721 3905 762 3956 vii.
779 3904 834 3969 728.
