2872 4570
591 387 618 440 T
614 386 779 440 RANSLA
786 387 814 440 Τ
810 385 911 440 IONS

659 683 805 760 ,ουιο

252 854 318 920 Καὶ
333 857 411 933 πῶς,
426 852 451 919 ὦ
466 853 616 940 φθονερὸν
631 853 680 934 τύ,
696 855 743 920 δεῖ
756 854 888 940 ἀκρατες
902 852 961 920 ὧδε
975 853 1132 936 γοᾶσθαι;

246 976 293 1041 Ἦ
310 1004 351 1041 κα
366 976 402 1042 τὸ
417 975 598 1058 μεμνᾶσθαι
612 980 739 1060 μᾶλλον
753 977 883 1062 πρέπεν,
899 976 972 1042 ὅσσ’
987 976 1160 1056 ἐδίδασκον,

250 1099 397 1175 Ἀστυκά,
413 1098 489 1163 κούιι
503 1097 917 1184 ἀνρροῖκαππαλαίσματα,
932 1098 1101 1194 κλίμακας,
1116 1098 1226 1166 ὤσεις·

253 1219 362 1309 Τύχνᾳ
377 1246 426 1285 τοι
441 1218 545 1301 κήγὼν
558 1219 681 1284 πύκτας
695 1218 790 1308 ἀκρος
805 1220 998 1304 ἐξεγενήθην.

684 1493 817 1556 βΕοοΝ.

255 1662 412 1741 Χρηστῶς
426 1662 484 1726 τοῖς
498 1660 624 1749 τέχνας,
639 1664 788 1750 χρηστῶς
801 1661 902 1743 μα’λα,
918 1665 1017 1743 τάμος
1031 1665 1178 1748 ἐπαῦρον,

256 1782 338 1848 Εύτε
352 1782 527 1867 Τιτόρμωῖ
541 1784 570 1865 «γ’
587 1781 666 1847 ἀντα
681 1783 838 1871 πελωρῖο,
854 1783 888 1850 ὅς
902 1809 941 1865 με
955 1784 1122 1871 λέλογχεν,

256 1904 451 1992 Πυγμαχίαν
466 1905 666 1987 συνέμισγον,
681 1903 872 1986 Ὀλυμπίιιω
888 1904 983 1971 ἔνδοθ’
998 1905 1138 1988 ἀγῶνος·

256 2027 388 2091 Βάλλαν
403 2025 429 2090 δ’
446 2025 487 2090 αὖ
502 2025 630 2091 πάντως
644 2025 827 2109 ἀνεμώλιον,
843 2027 878 2091 ῖκ
892 2051 927 2092 τε
939 2026 1087 2109 μετώπω’

255 2148 361 2235 Ἱδρώς
376 2171 435 2229 μεν
449 2147 631 2235 κοχύδεσκε,
646 2148 728 2236 ρύαξ
741 2148 796 2214 ἀτε
810 2147 971 2235 πύρφορος
986 2149 1120 2215 Αἴτνας·

257 2272 392 2349 Κάστην
407 2270 445 2350 δὴ
460 2275 602 2352 πληγαῖς
615 2270 757 2352 μεθύων·
773 2270 826 2336 καὶ
840 2273 932 2336 πάντ’
949 2272 1120 2349 ἐκύκλωτο,

245 2394 417 2472 Ἕλληνες,
433 2390 565 2457 στάδιόν
579 2417 623 2470 τε,
639 2391 692 2457 καὶ
704 2394 836 2477 Ἄλφιος
851 2392 1073 2480 ἀργυροδίνης·

250 2515 297 2578 Ἠ
313 2541 378 2580 που
391 2513 505 2579 πόλλα
520 2513 581 2600 θεῷ
595 2503 799 2588 Πολυδεύκεῖ,
815 2513 926 2579 πόλλα
941 2514 967 2579 δ’
983 2512 1096 2604 Ἀθάνᾳ

254 2636 413 2724 Ἠράμην,
429 2636 473 2700 ὅντ’
491 2634 619 2702 ὀδόντας
634 2635 716 2724 ἔχων
730 2634 784 2700 καὶ
799 2642 880 2720 τρεῖς
894 2638 1090 2725 ἀπεχωροῦν.

705 2911 861 2974 Mun„-

257 3082 353 3148 Δειυά
367 3081 406 3146 τύ
421 3080 488 3161 θήν,
505 3080 556 3147 ναὶ
572 3083 716 3164 Μοῖρας·
739 3082 934 3168 ἀγυμνάστῳ
948 3083 1026 3161 μαλ’
1041 3081 1165 3146 ἐώιιεις·
1250 3150 1252 3154 ,

257 3203 446 3289 Ὀψιμάθης
460 3230 508 3268 τις
522 3202 571 3268 ἀεὶ
586 3201 633 3278 τύ,
651 3203 722 3288 φίλ’
738 3190 854 3285 Αἴγων,
871 3203 918 3268 τίς
933 3201 960 3268 τ’
976 3205 1185 3285 ἔπιλάσμων·

257 3325 365 3390 Ἀλλὰ
379 3324 484 3413 χρόνῳ
499 3324 561 3410 ογὰρ
576 3329 678 3390 ταῦτα
691 3325 885 3405 μελήσεται·
905 3324 994 3390 οὗτος
1009 3324 1138 3390 ἅπαντα

256 3447 313 3513 Ἐς
327 3450 420 3512 τελος
433 3444 586 3531 ὤφειλεν·
602 3445 637 3510 τί
649 3445 730 3533 ιγάρς
754 3447 869 3533 ἀνερος,
886 3445 920 3512 ὅς
935 3473 975 3532 ρα
991 3446 1124 3512 δίαυλον

258 3569 413 3647 Νίκασεν,
427 3566 585 3650 με’μνασαι
600 3593 608 3642 ;

292 3793 305 3818 *
324 3792 422 3840 Herod.
440 3791 475 3839 vi.
502 3787 707 3851 127ι-Τιτύρμου
728 3790 773 3837 τοῦ
790 3789 935 3853 ὑπερφύντος
948 3808 977 3837 τε
989 3789 1113 3848 ’Ἕλληνας
1129 3789 1206 3851 ἰσχύϊ,
1219 3790 1258 3838 καὶ

260 3873 379 3937 φυγόντος
392 3873 522 3936 ἀνθρώπους
536 3873 560 3919 ἐς
571 3871 615 3919 τὰς
628 3871 743 3932 ἐσχατιὰς
755 3873 799 3930 τῆς
811 3873 939 3922 Αἰτωλίδος
951 3875 1040 3937 χύρης.
