2918 4570
524 337 526 344 '
557 341 649 394 AND
673 341 821 395 POEMS.

603 1117 737 1180 XXIII.

282 1301 326 1367 Τί
338 1299 400 1388 φῄς
415 1299 478 1366 τάδ’
486 1325 495 1377 ;
519 1300 540 1384 ἦ
553 1300 586 1384 μ’
602 1304 761 1369 ἐκστάντα
775 1305 838 1368 τῶν
853 1305 975 1389 φρενῶν
988 1301 1107 1386 λίγεις;

282 1424 336 1490 καὶ
349 1423 412 1512 μὴν
427 1423 463 1491 τό
478 1423 508 1506 γ’
524 1422 604 1500 αἷμα
618 1425 743 1509 τούμόν,
759 1425 801 1491 ὡς
815 1424 852 1492 τὸ
867 1425 937 1504 σόν,
952 1426 1036 1512 ῥοπῇ

283 1548 336 1630 ἴσῃ
351 1549 505 1632 φορεῖται,
521 1546 609 1613 κοῦτι
624 1549 811 1630 πλημμελὲς
825 1546 917 1613 πέλει
931 1569 939 1586 ·

283 1666 320 1732 οὕ
334 1692 383 1731 τοι
397 1665 536 1732 νοσοῦντ’
551 1665 646 1749 ἔλεξα
661 1664 750 1733 ταῦτ’
765 1667 826 1747 ὅτι)
841 1689 850 1706 ·
873 1666 909 1734 τί
919 1667 1001 1754 γάρ;

284 1789 327 1854 εἰς
340 1793 451 1876 πεῖραν
465 1788 566 1855 ἐλθὼν
580 1789 671 1855 αὖθις
684 1788 904 1871 ἐνδατούμενος

286 1911 323 1978 τὸ
337 1914 402 1977 πᾶν
417 1909 602 1993 διεξίλθοιμ’
618 1910 677 1977 ἄν·
700 1908 776 1976 ἀλλ’
792 1911 855 1994 ὅγ’
868 1912 1007 1994 ἐμμανὴς

286 2033 406 2113 παίζων
419 2033 459 2097 ἂν
473 2034 660 2118 ἑκτράποιτο
675 2036 737 2099 τῶν
750 2032 890 2121 πρόσθεν
904 2033 1029 2117 λόγων·

286 2153 366 2241 πρὸς
380 2159 490 2235 ταῦτα,
505 2159 613 2242 μῆτερ,
630 2156 662 2220 σ’
678 2155 822 2237 ἄντομαι,
838 2155 918 2242 πρὸς
932 2158 976 2240 σῇ
991 2154 1080 2243 φρενί

285 2276 330 2358 μὴ
345 2275 383 2357 δὴ
398 2279 576 2364 προσάψῃς
589 2266 715 2365 χρίσμα
730 2275 898 2358 μαλθακὸν
911 2275 991 2368 τάδε,

287 2400 328 2465 ὡς
342 2400 378 2464 οὐ
393 2397 459 2464 τάδ’
475 2399 495 2481 ἡ
511 2399 554 2480 σὴ
569 2398 742 2484 φθέγγεται
755 2399 891 2486 πονηρία

287 2524 412 2601 μᾶλλον
427 2518 453 2586 δ’
469 2519 542 2604 ἐμὸν
556 2519 730 2603 λύσσημα·
753 2520 801 2587 τίς
815 2520 878 2608 γὰρ
893 2521 1049 2610 άμπίχειν

288 2646 392 2708 κακῶν
407 2643 545 2710 ὕπουλον
559 2641 653 2709 ἕλκος
667 2643 828 2729 ὠφέλησις
840 2640 888 2724 ἦν,

289 2764 317 2830 εί
330 2764 441 2846 λοιμὸς
455 2761 541 2829 ἔνδον
554 2764 711 2831 άσκάποις
725 2763 902 2852 ὀρύγμασιν

287 2887 415 2974 πρόπαν
429 2885 562 2969 μιαίνων
577 2888 659 2970 σῶμ’
688 2886 857 2952 ἐλάνθανεν
872 2885 995 2962 πάλαι;
