2918 4570
289 387 339 439 104
627 371 653 424 T
650 370 815 424 RANSLA
824 371 851 424 T
847 371 948 425 IONS

287 545 460 628 Congerie‚
476 563 651 627 rerumque
666 541 783 625 ingens
799 552 937 627 apparet
952 543 1072 626 imago,

286 670 358 734 Ceu
374 668 431 750 qui
447 688 507 750 per
521 665 641 730 fractas
656 674 762 730 turres
778 674 813 730 et
828 666 919 729 nuda
933 675 1074 748 vagatus

285 788 392 865 Atria,
408 788 502 870 queis
517 787 665 869 pendent
680 808 782 869 opera
796 788 988 869 interrupta,
1005 808 1066 852 nec
1083 799 1203 853 auctor

285 913 362 993 Jam
378 910 519 973 formam
535 909 637 984 dedit,
654 917 688 973 et
704 930 853 973 murmur
866 909 983 974 fabrile
998 911 1133 994 quievit,

285 1032 353 1095 Ast
369 1033 490 1107 animo,
507 1052 583 1114 quae
598 1051 730 1095 summa
744 1032 809 1094 aedi
824 1031 965 1114 fastigia,
982 1031 1159 1098 adumbrat
1175 1055 1183 1097 :

288 1152 430 1234 Surgere
445 1161 517 1214 tum
534 1151 650 1233 parieS,
666 1153 849 1233 truncaque
864 1151 1032 1234 crepidine
1048 1155 1139 1217 nasci

287 1275 406 1355 Longa
421 1272 650 1336 columnamm
666 1272 766 1336 series
782 1271 1002 1356 laqueataque
1016 1283 1116 1350 tecta,

287 1396 404 1458 Donec
419 1402 492 1457 tota
507 1394 601 1468 adeo,
617 1402 651 1456 et
666 1414 751 1456 saxo
766 1393 913 1475 perlecta
929 1395 1047 1459 nitenti

287 1515 363 1580 Stet
378 1515 507 1590 domus,
522 1523 557 1578 et
572 1513 686 1577 solidis
702 1515 836 1579 affectet
851 1517 996 1580 turribus
1012 1537 1115 1580 auras

285 1759 422 1820 Etcum
439 1754 527 1820 bella
542 1759 628 1820 nova
644 1777 725 1819 mox
741 1756 969 1821 crudescentia
983 1756 1076 1821 caede

283 1877 449 1942 Vexarint
464 1877 588 1952 orbem,
605 1875 764 1958 littusque
780 1877 949 1959 aspexerit
964 1877 1045 1940 Acti

285 1999 379 2062 Inter
392 2017 429 2060 se
444 1995 589 2060 infensos
604 1998 724 2060 iterum
739 2017 931 2060 concurrere
947 1997 1043 2075 cives

282 2119 384 2182 Alter
397 2137 482 2200 opus
496 2116 564 2199 Jull
579 2117 759 2200 excipiens,
775 2118 978 2201 dimissaque
994 2130 1108 2202 coepta

282 2237 427 2302 Tardius
442 2237 616 2320 imperium
632 2237 763 2313 condet,
779 2237 870 2321 quod
886 2238 1067 2303 avunculus
1082 2239 1162 2302 olim

283 2357 446 2440 Praecipit,
463 2356 638 2441 elusosque
653 2359 763 2424 trahet
778 2360 840 2424 sub
856 2359 959 2442 flagra
975 2359 1129 2443 Quirites.

281 2481 333 2545 At
348 2499 415 2542 non
431 2477 590 2561 Augusto
604 2479 706 2543 subiti
721 2501 837 2544 secura
851 2480 1015 2544 tumultus

280 2603 342 2667 Vis
358 2599 469 2676 animi,
486 2600 657 2684 majorque
673 2611 773 2677 metu,
791 2624 866 2684 quae
883 2623 949 2665 non
964 2624 1025 2667 sua
1039 2611 1171 2668 temnat

284 2721 444 2786 Praesidia
459 2742 634 2798 armorum,
651 2720 740 2804 plebi
756 2724 880 2787 confisa
896 2733 1029 2806 togatae.

282 2841 470 2907 Fraudibus
486 2842 540 2908 ille
556 2844 691 2927 quidem
707 2843 862 2928 legiones
878 2843 1048 2909 fraudibus
1063 2866 1199 2912 omnem

280 2961 440 3025 Ambibit
457 2964 610 3042 Romam,
628 2965 708 3029 dum
724 2964 886 3030 libertatis
902 2964 1015 3027 inanes

283 3082 433 3148 Umbras
449 3081 596 3166 imperi0,
613 3095 647 3148 et
662 3086 777 3153 titulos
793 3085 969 3170 praetendit
985 3107 1129 3150 avorum.

282 3199 418 3268 Scilicet
434 3211 469 3265 et
484 3205 570 3269 sicet
586 3215 678 3270 tutus
694 3208 740 3274 sic
756 3218 862 3273 morte
878 3207 998 3290 peribit

280 3323 432 3401 Compos
448 3333 482 3388 et
498 3325 620 3409 incepti
632 3329 745 3407 ;-sed
762 3352 828 3394 non
843 3348 1005 3413 generosa
1020 3338 1181 3412 nepotum

279 3444 420 3505 Pectora
436 3442 538 3512 felicis
554 3450 674 3515 victrix
690 3452 866 3534 prudentia
881 3459 1052 3533 tanget.—

281 3563 384 3624 Hunc
400 3561 487 3629 cives
503 3569 682 3648 desideriis,
698 3571 786 3636 hunc
801 3592 873 3635 sera
888 3570 1032 3635 sacrabit

280 3683 386 3744 Fama
402 3687 516 3769 magis
533 3693 665 3775 proprid
680 3691 737 3775 qui
753 3713 821 3775 prae
836 3691 957 3754 virtute
971 3689 1105 3753 valebat

278 3800 342 3861 Per
356 3821 472 3882 pacem
489 3830 548 3890 per
563 3812 650 3877 bella
666 3812 755 3875 idem
771 3810 842 3873 sine
857 3808 972 3872 fraude
988 3810 1086 3891 potiri

278 3919 456 3998 Maiestate
474 3929 584 4008 Urbis,
602 3954 661 3996 nec
677 3931 883 3993 dissimulare
898 3930 1031 4011 potitus.
