2872 4570
515 387 519 395 “
547 388 640 442 AND
662 387 814 444 POEMS.

634 1149 734 1214 VIII.

179 1353 281 1437 QUID
298 1355 481 1439 lacrymae?
505 1376 572 1438 quo
587 1355 724 1420 tandem
740 1366 814 1422 ortu
831 1356 1009 1422 volvuntur
1024 1355 1161 1419 inanes?

179 1476 301 1540 Nescio
318 1499 386 1560 quo
401 1478 510 1541 luctus
526 1477 629 1540 divini
644 1479 777 1561 gurgite
793 1488 881 1543 natae

179 1596 245 1661 Cor
260 1598 326 1662 illae
342 1600 480 1675 subiere,
497 1608 531 1663 et
546 1599 672 1663 obortis
688 1599 814 1663 lumina
829 1600 1000 1684 complent

178 1721 348 1799 Fontibus,
363 1723 540 1786 Autumno
555 1721 687 1804 quoties
702 1721 780 1786 laeta
795 1743 873 1788 arva
888 1723 1013 1788 tuentis
1127 1811 1130 1816 Ι

176 1843 267 1906 Acta
282 1844 353 1908 dies
370 1844 481 1908 subita
496 1851 663 1925 pertentat
679 1843 823 1927 imagine
839 1855 995 1910 mentem.

177 1963 294 2047 Qualis
310 1967 399 2030 enim
415 1967 475 2030 lux
490 1987 591 2029 suave
607 1965 708 2029 micat
722 1986 782 2049 per
797 1967 939 2031 candida
953 1965 1096 2051 primiim

179 2086 325 2151 Carbasa
342 2088 385 2151 ab
401 2087 520 2150 exsilio
535 2087 684 2151 subvecti
701 2086 817 2152 nuntia
832 2088 939 2164 amici,

179 2207 224 2270 Et
240 2229 316 2290 quae
332 2208 480 2291 digressu
498 2217 618 2272 moesto
634 2229 693 2290 per
708 2208 781 2272 vela
797 2209 941 2273 rubescit

178 2330 305 2406 Altera,
320 2331 401 2394 dum
416 2331 530 2394 condit
546 2329 683 2412 pelagus
698 2330 866 2394 carissima
875 2352 883 2410 ;
907 2340 1028 2395 moesta

178 2452 234 2515 Sic
250 2452 336 2516 redit
352 2451 408 2516 illa
423 2451 503 2528 dies,
519 2452 565 2515 sic
581 2473 716 2515 suavem
733 2453 850 2517 induta
864 2453 1017 2518 colorem.

177 2574 231 2637 Ac
246 2573 336 2638 velut
354 2574 530 2638 obscurum
546 2574 604 2635 vix
620 2583 815 2656 experrecta
829 2575 892 2638 sub
908 2584 1017 2640 ortum

179 2692 286 2758 Saecla
301 2694 412 2757 avium
428 2695 575 2758 insuetos
591 2693 694 2758 edunt
710 2695 880 2758 morientis
896 2696 938 2759 ad
955 2715 1050 2761 aures

178 2815 458 2880 concentus-illi
475 2825 552 2879 ante
568 2815 681 2879 oculos
697 2815 853 2880 miscetur
867 2817 996 2893 inertes,

179 2935 429 3019 Sublustrisque
445 2945 539 3000 natat
555 2936 685 3020 trepido
701 2936 871 3018 speculare
887 2937 1075 3003 fenestra-

179 3059 235 3125 Sic
251 3059 380 3124 insueta
396 3059 475 3135 dies,
493 3045 540 3122 sic
556 3057 683 3136 flebilis,
699 3059 756 3122 illa
772 3068 923 3125 recursat.
