2872 4570
535 401 628 453 Am)
651 395 799 454 POEMS.

607 859 701 922 XVI.

290 1064 320 1128 O
338 1079 425 1142 QUAE
440 1065 551 1128 tendis
567 1065 630 1127 iter
645 1064 761 1147 plagas
778 1064 821 1129 ad
836 1063 953 1128 Austri

289 1186 454 1263 Hirund0,
469 1206 569 1269 super
584 1206 720 1249 aureum
737 1186 884 1250 residens

286 1308 439 1382 Tectum,
457 1328 531 1391 quae
548 1306 652 1370 resero
667 1307 728 1371 tibi
744 1306 870 1372 volanti

285 1430 418 1494 Nostris
434 1429 560 1493 deliciis
577 1429 660 1493 reser
675 1428 802 1510 puellae.

221 1533 224 1542 ‚
286 1529 348 1616 Cui
364 1559 524 1614 tu-nam
542 1550 664 1631 pariter
680 1549 828 1632 Notique
844 1559 878 1614 et
893 1549 1009 1614 Austri

285 1672 384 1736 Nosti
400 1671 884 1754 temperiem-tenebricosum

286 1796 387 1858 Hunc
403 1795 503 1870 dicas,
520 1792 674 1858 stabilem
691 1792 767 1870 fide,
782 1793 973 1875 benignum,

284 1916 384 1980 Illum
401 1915 644 1991 flammiferum,
659 1923 796 1989 trucem,
812 1913 988 1978 infidelem.

283 2037 411 2121 Quodsi
428 2037 543 2101 radere
558 2046 668 2101 tecum
686 2037 747 2100 iter
763 2036 884 2110 liceret,

284 2161 415 2243 Lapsus
432 2181 492 2243 per
506 2159 656 2242 patulam
672 2157 759 2221 illius
776 2159 955 2221 fenestram

283 2282 382 2346 Ultro
398 2282 544 2345 carmina
560 2279 650 2343 mille
665 2279 849 2362 pipilarem,

281 2401 459 2465 AEternum
476 2401 619 2484 liquidos
635 2420 757 2463 canens
773 2420 910 2463 amores.

281 2525 318 2590 Si
334 2545 421 2588 nunc
437 2525 608 2587 induerem
625 2523 738 2586 alitem
755 2522 895 2605 figuram

281 2647 330 2712 Ut
347 2668 400 2711 me
417 2646 479 2711 sub
495 2645 658 2730 gremium
675 2646 800 2709 foveret
816 2645 872 2708 illa

278 2769 482 2851 Exceptum,
498 2768 610 2830 niveas
625 2767 776 2830 vibrante
791 2787 921 2830 sursum

281 2890 392 2955 Cunas
409 2898 551 2972 pectore,
568 2888 673 2951 donec
690 2887 875 2951 interirem!

280 3011 349 3076 Cur
363 3009 527 3074 desiderio
544 3008 634 3071 indui
652 3017 781 3071 recusat

280 3132 409 3207 Pectus,
425 3130 532 3214 qualis
549 3130 605 3193 ubi
622 3150 725 3192 novos
741 3129 891 3205 amictus,

280 3253 441 3337 Quamvis
458 3252 553 3335 sylva
568 3250 672 3314 comis
688 3249 829 3314 virescat
845 3252 962 3326 omnis,

281 3375 332 3438 De
348 3383 399 3438 tot
415 3373 565 3437 fraxinus
582 3392 646 3435 una
663 3371 878 3436 demoratur?

279 3495 390 3559 Pullos
403 3495 474 3578 jam
490 3494 640 3557 volucres
656 3493 739 3556 refer
754 3513 891 3576 peregre

277 3615 459 3699 Aufugisse
474 3626 550 3678 tuos
563 3634 571 3691 ;
594 3613 741 3696 mihique
757 3613 882 3676 dudum

280 3737 380 3800 Liber
395 3737 452 3819 qui
469 3736 570 3798 modo
585 3734 734 3798 luderem
750 3755 810 3817 per
825 3735 996 3808 Austrum,

279 3858 450 3923 Structum
467 3857 529 3921 sub
545 3857 651 3920 Bored
667 3855 771 3920 latere
787 3857 911 3920 nidum.
