2918 4570
541 394 634 449 AND
657 397 807 451 POEMS.

305 891 336 957 Ο
353 890 544 956 blandiatur
558 890 585 954 si
601 891 661 956 tibi
678 889 800 953 rustica

303 1012 433 1089 Avena,
450 1013 563 1095 Virg0,
580 999 607 1075 si
623 1013 681 1076 det
696 1010 856 1075 arundine

350 1135 468 1198 Pastor
482 1132 684 1206 verecundas
700 1133 742 1197 ad
759 1153 855 1197 aures

395 1254 495 1338 Quod
511 1254 641 1338 placeat
657 1255 727 1332 tibi,
745 1256 841 1332 Diva,
858 1275 1011 1320 carmen:

307 1409 377 1474 Ceu
394 1410 501 1492 prima
516 1419 632 1475 sancto
648 1410 706 1475 flat
722 1420 781 1475 tua
792 1432 928 1495 vespere

305 1530 408 1608 Aura,
425 1540 459 1595 et
474 1530 600 1595 caduco
615 1532 718 1614 spirat
734 1531 880 1624 anhelitu
890 1531 946 1602 l-

332 1653 425 1734 ¹Jam
441 1650 507 1714 fine
523 1650 705 1715 tenduntur
720 1652 785 1714 diei

282 1787 285 1790 ·
393 1770 576 1835 Auricomo
592 1792 651 1835 sua
665 1769 740 1834 vela
756 1771 892 1847 Phoeb0,

307 1925 353 1990 Et
369 1923 486 1988 lucidis
500 1932 664 2007 praetexta
679 1924 844 1989 coloribus

306 2045 466 2112 Condunt
481 2066 608 2129 aquoso
622 2046 744 2110 vellera
760 2046 896 2110 nubium

350 2169 455 2232 Lecto
470 2167 670 2232 cubantem:
690 2167 761 2249 jam
777 2167 899 2232 silescit

391 2289 486 2353 Aura
501 2288 588 2373 polo,
606 2288 666 2352 nisi
681 2289 799 2354 verber
813 2288 875 2353 alae

304 2444 471 2529 Implume
487 2443 615 2528 lippum
630 2443 776 2527 vesperis
792 2442 905 2509 alitem

305 2567 432 2632 Fractis
446 2575 651 2650 strepentem
667 2565 731 2629 sert
747 2565 935 2640 ululatibus

348 2689 453 2752 Parvo
468 2687 521 2751 vel
536 2687 726 2770 importuna
740 2697 839 2751 cantu

391 2807 567 2874 Cantharis
583 2807 736 2884 insonuit,
752 2827 811 2889 per
827 2805 960 2870 umbras

304 2968 484 3050 Utcunque
500 2964 606 3029 raucis
622 2962 775 3027 subsiluit
790 2961 854 3025 viae

303 3087 418 3152 Delira
433 3086 565 3152 bombis
576 3084 718 3165 ;-Diva
733 3083 864 3148 silentia

348 3210 378 3276 O
394 3210 400 3273 l
424 3230 497 3273 sera
512 3228 654 3283 servans,
671 3226 803 3294 carmen
819 3205 901 3270 hora

392 3331 515 3395 Lenius
530 3331 563 3393 in
579 3328 710 3413 placida
725 3327 854 3403 docet0,

303 3489 380 3573 Quo
396 3509 462 3552 non
479 3488 593 3570 inepto
609 3506 745 3549 munere
760 3505 937 3569 personem

302 3609 417 3674 Valles
433 3608 580 3690 maligni
596 3606 668 3671 luce
683 3607 878 3682 tenebricas,

349 3731 395 3795 Et
411 3729 500 3794 solus
516 3729 672 3793 incedens
688 3747 851 3792 reversam

393 3853 518 3934 Teque,
537 3852 638 3927 Bona,
655 3860 689 3916 et
705 3860 763 3915 tua
779 3849 868 3913 dona
883 3845 1025 3912 laudem.
