2918 4570
291 336 342 376 100
631 319 820 374 TRANSLA
828 320 855 373 T
852 320 955 374 IONS

289 489 407 571 Gallia,
424 492 550 558 militiae
567 514 692 559 merces
708 515 749 558 ea
765 493 883 558 nobilis
899 504 993 571 actae,

287 615 323 679 A
339 616 474 680 Patrum
491 623 579 679 coetu
596 624 630 680 et
646 614 806 698 Pompeja
821 614 956 680 nuntius
971 616 1044 680 aede

290 736 403 801 Fictus
419 735 523 812 adest,
540 735 597 819 qui
613 735 784 800 blanditiis
799 745 834 801 et
849 735 964 800 fraude
980 737 1122 801 moranti

290 857 461 941 Expediat
477 879 599 935 curam,
616 879 799 942 causasque
815 857 956 942 refingat
972 859 1080 924 eundi.

290 980 382 1063 Ergo
398 979 542 1044 consiliis
558 979 698 1045 eductus
715 980 829 1047 Caesar
844 979 964 1062 iniquis

290 1101 353 1165 Per
370 1101 455 1164 Fora
470 1110 505 1165 et
520 1099 622 1192 ipsius
637 1100 768 1184 quoties
784 1101 926 1165 testata!
949 1099 1136 1184 triumphos

291 1221 459 1304 Compita,
477 1221 626 1286 crudeles
643 1223 713 1287 ibat
730 1222 871 1287 devotus
887 1222 930 1286 ad
947 1244 1028 1286 aras.

291 1345 364 1408 Nec
380 1351 493 1406 tamen
509 1342 542 1406 in
558 1363 689 1406 summo
706 1347 875 1409 cessarunt
891 1335 1025 1408 cardine
1042 1364 1149 1408 rerum

291 1464 448 1541 Terrifici‚
463 1476 577 1528 vatum
594 1465 759 1545 monitus3
784 1487 844 1531 nec
860 1465 965 1531 defuit
981 1465 1035 1529 ille

293 1585 408 1650 Indice
423 1585 480 1668 qui
496 1585 619 1668 scripto
635 1585 779 1664 insidias
795 1586 859 1651 heu
877 1586 997 1651 serius!
1014 1606 1131 1650 omnes

292 1706 445 1772 Deferret
460 1706 653 1791 soedumque
669 1706 783 1771 dolum
796 1728 803 1786 ;
828 1707 886 1792 sed
903 1707 994 1771 nulla
1008 1706 1140 1791 legendi

292 1830 400 1914 Copia
415 1810 487 1893 tum
504 1829 624 1894 misero
637 1851 644 1907 ;
668 1828 746 1894 fatis
761 1851 802 1893 ea
817 1851 906 1894 saeva
920 1828 1074 1894 voluntas

292 1952 461 2029 Constitit,
477 1963 514 2016 ut
530 1962 634 2017 tantae
649 1952 846 2016 subeuntem
863 1950 977 2014 limina
993 1949 1107 2014 mortis
1125 2024 1131 2029 ‚

214 2119 216 2124 ,
292 2074 437 2140 Falleret
452 2095 518 2138 una
533 2073 630 2158 fugae,
647 2073 750 2139 semel
768 2073 946 2156 obiectata,
963 2072 1110 2138 facultas.

291 2319 435 2403 Jamque
458 2321 543 2384 adeo
568 2319 601 2382 in
626 2320 792 2404 Campum
816 2330 953 2385 ventum
979 2328 1039 2396 est,
1064 2318 1120 2384 ubi
1145 2316 1295 2382 Porticus

381 2441 457 2506 altis

294 2562 449 2627 Postibus
465 2561 498 2625 in
513 2562 677 2645 gremium
694 2563 809 2627 Patres
826 2563 953 2628 reclusa
967 2564 1117 2628 vocabat.

295 2680 374 2749 Una
390 2682 525 2748 Cimber
540 2681 590 2760 ed,
606 2693 641 2749 et
657 2684 783 2748 nudum
799 2685 862 2748 sub
876 2683 1024 2748 vestibus
1039 2703 1152 2748 ensem

294 2805 401 2870 Casca
415 2825 568 2887 premens
584 2804 709 2881 aderat,
726 2814 836 2870 necte
852 2813 910 2868 tua
926 2802 1034 2886 longa,
1051 2801 1172 2886 Ligari,

292 2925 466 2990 Tardabat
481 2924 589 3001 febris,
605 2926 685 3008 quin
702 2925 852 2990 membra
867 2925 1044 2989 trementia
1060 2925 1177 2989 morbo
1196 3007 1199 3011 Ι

294 3047 334 3109 In
349 3045 476 3110 caedem
493 3066 633 3128 raperes,
648 3045 912 3128 illaudatumque
927 3044 1141 3129 triumphum.

294 3164 435 3230 Scandit
449 3172 548 3227 atrox
566 3165 695 3241 Brutus,
713 3165 875 3250 laterique
890 3167 1011 3230 affixus
1027 3166 1150 3231 ibidem

295 3288 373 3369 Ipse
387 3285 520 3369 gradus,
537 3307 578 3349 en
594 3287 674 3369 ipse,
691 3287 803 3352 evadit
819 3287 954 3352 Cassius
969 3287 1064 3365 altos,

293 3407 404 3471 Triste
419 3406 611 3471 sodalitium
623 3408 841 3492 ;—aspiceres
856 3383 1057 3492 pallentibus
1072 3408 1174 3473 ambo

294 3529 348 3593 Ire
363 3528 465 3610 genis,
482 3548 668 3612 segnesque
684 3549 793 3594 moras
809 3536 842 3592 et
858 3528 954 3592 tarda
969 3528 1035 3592 diei

294 3649 462 3732 Tempora
477 3649 610 3732 culpare
624 3668 632 3727 ;
655 3650 819 3732 aspiceres
835 3648 868 3712 in
883 3657 964 3713 vota
978 3667 1097 3713 vocare

295 3770 500 3854 Pompeium,
517 3778 555 3834 et'
567 3767 695 3834 Phariae
710 3771 824 3835 testari
840 3769 963 3834 crimen
979 3790 1095 3835 arenae.
