2872 4570
450 417 452 423 .
529 369 621 424 AND
644 369 794 426 POEMS.

632 945 761 1008 V..

162 1144 216 1216 ‘0‘
230 1163 358 1215 MISERI
375 1159 452 1214 ante
467 1150 558 1226 alios
575 1150 654 1233 quin
672 1138 801 1212 mecum
818 1149 976 1226 insistite,’
992 1149 1108 1230 clamo,

161 1274 270 1337 ‘Pone
286 1271 411 1336 viaml’
457 1273 530 1336 Nec
547 1272 640 1354 plura
655 1272 731 1335 viris
747 1272 866 1336 effatus
883 1273 916 1336 in
933 1274 1047 1337 urbem

160 1396 342 1459 Vertebam
358 1415 417 1476 per
431 1404 550 1479 tesqua
565 1393 685 1476 pedes:
708 1415 768 1458 nec
784 1395 904 1459 deinde
920 1405 1095 1461 retrorsum

163 1515 328 1596 Respicio,
343 1515 390 1578 sic
406 1523 494 1577 recta
511 1523 604 1578 tenet
619 1513 698 1577 mihi
715 1514 840 1579 lumina
855 1525 976 1581 terror:

162 1636 232 1700 Ceu
248 1637 305 1719 qui
321 1635 470 1700 defossos
487 1637 606 1699 Manes
623 1645 656 1700 et
672 1636 778 1700 lurida
794 1639 894 1702 busta

162 1757 312 1821 Invisens
327 1756 476 1840 trepidus
492 1765 659 1838 grassatur
674 1766 772 1820 nocte
787 1778 846 1840 per
861 1758 1004 1834 umbraS,

162 1878 262 1960 Cogit
277 1878 365 1941 enim
381 1899 451 1941 sors
468 1879 559 1953 dura,
574 1885 739 1960 pavetque
756 1881 911 1961 sequacia
927 1889 1082 1956 monstra,

161 1999 268 2062 Millia
283 2008 365 2083 quot
380 2001 465 2063 vana
481 1994 615 2063 delusus
631 1999 776 2082 imagine
791 2000 895 2083 fingit.

161 2123 332 2186 Murmura
345 2123 482 2205 jamque
498 2121 587 2198 mihi,
603 2122 687 2186 sudo
703 2132 815 2186 tamen
830 2129 915 2197 aere,
930 2124 1020 2186 venti

161 2245 271 2308 Prima
286 2244 499 2308 volutabant:
523 2245 739 2327 sublimisque
754 2244 852 2307 altius
869 2242 980 2320 aether,

161 2365 386 2448 Frigidulique
403 2366 504 2448 igneS,
520 2374 554 2429 et
569 2364 672 2429 stellis
688 2366 815 2429 consita
831 2385 931 2448 regna

161 2487 327 2553 Sublustri
345 2487 455 2570 nigros
470 2487 667 2550 contristant
683 2486 808 2550 lumine
823 2507 968 2570 campos

160 2608 273 2673 Altior
288 2618 322 2672 et
338 2609 436 2672 solito
452 2629 521 2672 nox
538 2609 737 2691 intempesta
753 2609 878 2672 silebat.

158 2730 235 2811 Jam
251 2750 311 2812 per
325 2728 475 2793 funereas
493 2729 596 2793 moles
613 2739 646 2799 et
663 2730 751 2793 nuda
768 2731 901 2812 tropaeis

159 2852 264 2915 Busta
280 2852 367 2915 nitor
384 2852 493 2915 media
508 2860 663 2915 extrusus
680 2852 820 2934 caligine
835 2851 931 2928 luxit,

158 2973 233 3054 lam
252 2983 343 3034 more
359 2971 501 3054 ingentis
518 2972 617 3034 larvae
633 2992 737 3055 prope
753 2972 872 3035 ductus
887 2985 987 3054 aquat

160 3094 279 3168 Currit,
295 3101 329 3156 et
345 3093 378 3155 in
394 3092 518 3157 celeres
533 3113 682 3176 praeceps
697 3094 831 3156 evanuit
847 3094 990 3157 umbras

160 3213 333 3279 Interdum
350 3214 392 3278 ad
409 3223 526 3278 ventos
543 3214 641 3297 longe
658 3214 836 3278 exauditur
852 3216 978 3278 arundo

159 3336 255 3400 Mota
270 3335 380 3417 qu'eri;
400 3335 471 3417 jam
487 3335 636 3398 sublimis
652 3334 745 3399 dedit
760 3356 869 3400 acrem
887 3336 1047 3402 ululatum

159 3458 301 3531 Noctua,
314 3457 385 3538 jam
401 3456 498 3521 tellus
515 3457 622 3521 caveis
639 3477 740 3521 exesa
756 3459 898 3540 remugit

160 3579 231 3644 Sub
246 3578 394 3660 pedibus.
