2872 4570
483 420 486 426 ’
510 425 603 479 ANI)
626 425 777 481 POEMS.

625 985 667 1050 X.

146 1190 307 1253 INCEDIT
323 1189 476 1267 formosa,
492 1201 529 1255 ut
545 1192 626 1255 Nox
643 1189 791 1254 innubila
806 1187 975 1274 quondam

191 1309 362 1374 Sideream
379 1312 484 1393 carpit
500 1312 589 1376 clara
604 1331 664 1394 per
678 1321 767 1375 astra
782 1312 879 1374 viam.

146 1430 312 1513 Quicquid
329 1441 363 1495 et
378 1433 517 1507 obscuri,
534 1433 690 1517 quicquid
708 1431 909 1512 sitamabile
924 1431 1014 1506 lucis,

192 1552 314 1617 Omnia
330 1555 377 1617 sic
391 1553 484 1618 vultu
501 1555 632 1619 miscuit
647 1554 704 1618 illa
719 1575 788 1629 su0,

148 1673 197 1736 Ut
213 1674 331 1738 reserat
348 1675 419 1740 miti
436 1675 548 1739 lumen
564 1675 729 1740 sublustre
745 1677 859 1754 nitore,

189 1794 267 1876 Quo
282 1795 381 1859 datur
395 1795 526 1860 ardenti
543 1816 609 1858 non
626 1795 754 1859 radiare
771 1795 834 1860 die.

147 2038 316 2101 Demseris
332 2038 410 2102 inde
422 2039 529 2121 jubar,
545 2039 613 2102 sive
629 2059 729 2102 unam
745 2038 938 2120 appinxeris
954 2039 1115 2116 umbram,

195 2161 264 2240 (Sic
279 2159 380 2224 facies
395 2160 485 2224 cultu
502 2181 568 2224 non
584 2160 746 2223 imitanda
762 2161 846 2223 nitet
858 2159 883 2243 ;)

148 2281 297 2344 Dimidio
312 2283 397 2364 perit
414 2282 470 2345 illa
484 2282 588 2345 cornis
604 2303 680 2364 quae
695 2281 802 2364 gratia
818 2280 916 2345 fuscis

193 2402 358 2477 Fluctuat,
374 2411 408 2466 et
424 2401 554 2484 placida
570 2401 644 2465 luce
659 2423 719 2484 per
734 2422 792 2464 ora
807 2402 896 2498 subit
906 2422 959 2466 :-

148 2524 217 2586 Ora
233 2525 330 2587 bonae
347 2493 467 2587 mentis
483 2543 602 2586 suaves
617 2522 793 2587 referentia
809 2531 929 2598 motus,

193 2646 238 2709 Et
254 2655 415 2721 sanctam,
432 2645 565 2728 ingenio
580 2646 695 2708 subter
709 2644 828 2720 alente,
844 2644 990 2707 domum.

149 2889 254 2972 Inque
269 2888 371 2971 genis,
388 2887 596 2971 frontemque
611 2901 710 2968 super
724 2894 795 2949 tam
811 2885 911 2950 molle
926 2895 1124 2962 comantem,

192 3011 279 3074 Tam
294 3011 428 3094 plenam
444 3009 584 3093 eloquin,
601 3009 785 3092 quamlibet
799 3009 871 3092 ipsa
887 3007 973 3083 silet,

148 3134 249 3196 Risus
265 3131 453 3204 amabiliter
467 3130 594 3205 ludens,
609 3131 726 3212 visque
741 3129 797 3192 illa
812 3129 970 3204 colorum,

193 3254 325 3318 Indicat
341 3261 480 3318 exactos
495 3251 708 3332 simplicitate
723 3251 794 3314 dies
807 3271 815 3328 ;

149 3374 280 3450 Indicat
296 3374 444 3436 immotae
461 3392 535 3454 quae
552 3371 595 3434 sit
611 3370 785 3434 concordia
802 3371 931 3445 mentis,

191 3494 337 3578 Virginis
353 3501 390 3558 ut
406 3511 489 3576 puro
504 3499 638 3574 pectore
654 3498 766 3555 manet
781 3509 882 3556 amor.
