2872 4570
547 434 575 487 A
601 434 652 487 SA
660 433 761 487 TIRE.

161 611 407 676 Insatiabilibus
423 613 449 676 si
465 612 515 675 vis
530 611 692 694 placuisse
707 611 833 694 puellis.

160 733 205 797 Et
220 734 383 816 quaedam,
395 734 465 816 jam
482 754 578 796 mane
593 754 689 809 novo,
704 735 827 816 stipata
842 732 977 798 Theatri

160 855 198 917 In
215 857 326 920 cuneis
342 864 525 937 spectatur:
548 875 621 918 eam
637 853 754 917 chorus
770 856 877 918 omnis
892 858 1063 919 amantum

159 976 291 1041 Plaudit
307 976 523 1060 inexpletum,
538 975 667 1059 plaudit
682 985 875 1058 vestemque
891 975 1109 1060 coloremque,

156 1098 272 1181 Atque
286 1099 385 1173 avias,
402 1099 613 1181 amitamque,
630 1089 663 1161 et
679 1100 751 1160 tote
766 1106 865 1180 gente
880 1100 1089 1181 propinquas.

157 1218 242 1282 Mox
259 1220 376 1284 eadem
393 1219 526 1283 labente
541 1219 595 1282 die
611 1219 695 1282 festa
710 1218 808 1281 Atria
824 1220 942 1300 quaerit

154 1327 249 1424 Apta
264 1341 373 1417 choro.
388 1341 577 1423 pendetque
596 1341 714 1403 iterum
731 1339 882 1403 saltantis
898 1341 941 1404 ab
956 1361 1068 1405 armo:

154 1463 295 1528 Vincere
312 1463 370 1529 Sol
386 1464 493 1526 oriens
509 1461 657 1544 lychnaS,
673 1471 707 1524 et
723 1460 860 1525 sundere
876 1461 956 1525 lucis

154 1585 235 1648 Dira
251 1607 320 1649 suae
335 1607 395 1668 per
408 1585 570 1667 virgineas
586 1584 774 1647 discrimina
790 1581 920 1657 formaS,

154 1689 351 1789 Cornuaque
367 1716 400 1769 et
416 1705 555 1780 chordae,
571 1704 658 1768 lasso
673 1705 816 1779 tibicine,
832 1716 983 1784 cessant3

153 1826 216 1889 Illa
231 1836 343 1890 tamen
359 1835 477 1908 raptat,
494 1824 642 1888 nondum
658 1825 818 1900 satianda,
835 1848 895 1908 per
910 1828 1006 1892 orbes

153 1948 349 2012 Consortem
362 1948 527 2030 juvenem,
544 1965 603 2010 nec
619 1954 730 2008 custos
746 1946 862 2009 addita
877 1956 992 2024 mater,

152 2068 295 2132 Multum
312 2077 438 2151 questa,
452 2077 565 2151 potest
581 2069 728 2144 retinere,
744 2088 804 2132 nec
820 2070 965 2151 optimus
982 2071 1036 2134 ille

152 2191 345 2273 Progenitor
359 2199 432 2253 toto
447 2188 591 2272 proflans
604 2189 675 2271 jam
691 2198 824 2270 pectore
839 2210 1002 2256 somnum.

192 2437 242 2501 At
258 2438 355 2502 datur
369 2437 420 2500 his
436 2437 514 2500 olim
531 2437 615 2513 finis,
631 2436 716 2520 sugit
733 2438 803 2518 ipsa
818 2436 944 2516 leaena3

149 2559 294 2641 Solaque
309 2579 368 2641 per
382 2560 471 2622 vicos
484 2559 554 2640 jam
572 2558 690 2640 Longa
706 2559 844 2622 Vacatio
860 2570 996 2642 regnat:

149 2681 320 2744 Discessus
333 2680 491 2762 juvenum
508 2681 617 2742 satirae
632 2680 710 2744 tulit
724 2680 799 2743 huic
816 2702 948 2764 quoque
964 2692 1097 2748 metam.

149 2801 216 2867 Sed
233 2802 383 2884 graviora
398 2809 543 2876 manent,
559 2801 673 2864 doctas
690 2802 717 2863 si
733 2822 855 2884 ponere
871 2802 994 2867 frontes

148 2924 213 2986 Fas
229 2923 317 3000 olim,
333 2924 522 3005 crimenque
538 2924 631 3006 sequi
649 2923 783 3005 majoris
798 2924 925 2988 abollae.
