<?xml version="1.0" encoding="UTF-8"?>
<!DOCTYPE html PUBLIC "-//W3C//DTD XHTML 1.0 Transitional//EN"
    "http://www.w3.org/TR/xhtml1/DTD/xhtml1-transitional.dtd">
<html xmlns="http://www.w3.org/1999/xhtml" xml:lang="en" lang="en">
 <head>
  <title>
</title>
<meta http-equiv="Content-Type" content="text/html;charset=utf-8" />
  <meta name='ocr-system' content='tesseract 3.04.00' />
  <meta name='ocr-capabilities' content='ocr_page ocr_carea ocr_par ocr_line ocrx_word'/>
</head>
<body>
  <div class='ocr_page' id='page_1' title='image "./periculaurbisas00moorgoog_0018.png"; bbox 0 0 2872 4570; ppageno 0'>
   <div class='ocr_carea' id='block_1_1' title="bbox 578 372 793 428">
    <p class='ocr_par' dir='ltr' id='par_1_1' title="bbox 578 372 793 428">
     <span class='ocr_line' id='line_1_1' title="bbox 578 372 793 428; baseline 0.009 -2"><span class='ocrx_word' id='word_1_1' title='bbox 578 372 605 426; x_wconf 87' lang='lat' dir='ltr'><em>A</em></span> <span class='ocrx_word' id='word_1_2' title='bbox 633 373 682 426; x_wconf 78' lang='lat' dir='ltr'>SA</span> <span class='ocrx_word' id='word_1_3' title='bbox 690 373 793 428; x_wconf 83' lang='lat' dir='ltr'><em>TIRE.</em></span> 
     </span>
    </p>
   </div>
   <div class='ocr_carea' id='block_1_2' title="bbox 191 549 1110 1484">
    <p class='ocr_par' dir='ltr' id='par_1_2' title="bbox 195 549 1001 634">
     <span class='ocr_line' id='line_1_2' title="bbox 195 549 1001 634; baseline 0.002 -21"><span class='ocrx_word' id='word_1_4' title='bbox 195 551 337 634; x_wconf 90' lang='lat' dir='ltr'>Prodiga</span> <span class='ocrx_word' id='word_1_5' title='bbox 353 551 511 632; x_wconf 86' lang='lat' dir='ltr'><strong>percussit</strong></span> <span class='ocrx_word' id='word_1_6' title='bbox 527 549 674 627; x_wconf 69' lang='lat' dir='ltr'>chordas</span> <span class='ocrx_word' id='word_1_7' title='bbox 690 560 841 615; x_wconf 87' lang='lat' dir='ltr'>versante</span> <span class='ocrx_word' id='word_1_8' title='bbox 857 572 1001 634; x_wconf 85' lang='lat' dir='ltr'>papyros</span> 
     </span>
    </p>

    <p class='ocr_par' dir='ltr' id='par_1_3' title="bbox 191 665 1110 890">
     <span class='ocr_line' id='line_1_3' title="bbox 191 665 1110 754; baseline 0.007 -23"><span class='ocrx_word' id='word_1_9' title='bbox 191 669 249 734; x_wconf 90' lang='lat' dir='ltr'>Ad</span> <span class='ocrx_word' id='word_1_10' title='bbox 266 665 382 735; x_wconf 91' lang='lat' dir='ltr'>nutum</span> <span class='ocrx_word' id='word_1_11' title='bbox 398 691 517 753; x_wconf 91' lang='lat' dir='ltr'>puero:</span> <span class='ocrx_word' id='word_1_12' title='bbox 540 681 611 735; x_wconf 91' lang='lat' dir='ltr'>tum</span> <span class='ocrx_word' id='word_1_13' title='bbox 628 673 796 735; x_wconf 89' lang='lat' dir='ltr'><strong>immensis</strong></span> <span class='ocrx_word' id='word_1_14' title='bbox 812 672 980 754; x_wconf 85' lang='lat' dir='ltr'>plausibus</span> <span class='ocrx_word' id='word_1_15' title='bbox 996 667 1110 738; x_wconf 88' lang='lat' dir='ltr'>omnes</span> 
     </span>
     <span class='ocr_line' id='line_1_4' title="bbox 193 793 1008 890; baseline 0.004 -34"><span class='ocrx_word' id='word_1_16' title='bbox 193 793 339 857; x_wconf 91' lang='lat' dir='ltr'>Finitum</span> <span class='ocrx_word' id='word_1_17' title='bbox 356 793 459 858; x_wconf 88' lang='lat' dir='ltr'>melos</span> <span class='ocrx_word' id='word_1_18' title='bbox 475 795 653 876; x_wconf 89' lang='lat' dir='ltr'>excipiunt,</span> <span class='ocrx_word' id='word_1_19' title='bbox 670 804 703 858; x_wconf 92' lang='lat' dir='ltr'>et</span> <span class='ocrx_word' id='word_1_20' title='bbox 719 794 848 877; x_wconf 88' lang='lat' dir='ltr'>singula</span> <span class='ocrx_word' id='word_1_21' title='bbox 863 793 1008 890; x_wconf 86' lang='lat' dir='ltr'>laudant.</span> 
     </span>
    </p>

    <p class='ocr_par' dir='ltr' id='par_1_4' title="bbox 192 915 972 999">
     <span class='ocr_line' id='line_1_5' title="bbox 192 915 972 999; baseline 0 -21"><span class='ocrx_word' id='word_1_22' title='bbox 192 915 275 979; x_wconf 90' lang='lat' dir='ltr'>Tres</span> <span class='ocrx_word' id='word_1_23' title='bbox 290 916 425 979; x_wconf 90' lang='lat' dir='ltr'>tandem</span> <span class='ocrx_word' id='word_1_24' title='bbox 442 915 553 999; x_wconf 85' lang='lat' dir='ltr'>fugere</span> <span class='ocrx_word' id='word_1_25' title='bbox 569 916 677 980; x_wconf 89' lang='lat' dir='ltr'>horae:</span> <span class='ocrx_word' id='word_1_26' title='bbox 700 926 735 980; x_wconf 93' lang='lat' dir='ltr'>tu</span> <span class='ocrx_word' id='word_1_27' title='bbox 752 917 875 980; x_wconf 85' lang='lat' dir='ltr'>tristior</span> <span class='ocrx_word' id='word_1_28' title='bbox 890 918 972 993; x_wconf 83' lang='lat' dir='ltr'>exis,</span> 
     </span>
    </p>

    <p class='ocr_par' dir='ltr' id='par_1_5' title="bbox 191 1023 1072 1362">
     <span class='ocr_line' id='line_1_6' title="bbox 191 1023 964 1122; baseline 0.005 -24"><span class='ocrx_word' id='word_1_29' title='bbox 191 1035 242 1099; x_wconf 90' lang='lat' dir='ltr'>At</span> <span class='ocrx_word' id='word_1_30' title='bbox 257 1035 356 1100; x_wconf 89' lang='lat' dir='ltr'>liber:</span> <span class='ocrx_word' id='word_1_31' title='bbox 379 1057 444 1100; x_wconf 94' lang='lat' dir='ltr'>non</span> <span class='ocrx_word' id='word_1_32' title='bbox 460 1057 547 1101; x_wconf 92' lang='lat' dir='ltr'>nunc</span> <span class='ocrx_word' id='word_1_33' title='bbox 563 1037 656 1101; x_wconf 90' lang='lat' dir='ltr'>lateri</span> <span class='ocrx_word' id='word_1_34' title='bbox 671 1048 729 1102; x_wconf 89' lang='lat' dir='ltr'>tua</span> <span class='ocrx_word' id='word_1_35' title='bbox 745 1023 846 1101; x_wconf 79' lang='lat' dir='ltr'>futilis</span> <span class='ocrx_word' id='word_1_36' title='bbox 857 1037 964 1122; x_wconf 84' lang='lat' dir='ltr'>haeret</span> 
     </span>
     <span class='ocr_line' id='line_1_7' title="bbox 193 1157 1072 1241; baseline 0.003 -21"><span class='ocrx_word' id='word_1_37' title='bbox 193 1157 351 1234; x_wconf 87' lang='lat' dir='ltr'>Dextera,</span> <span class='ocrx_word' id='word_1_38' title='bbox 367 1179 432 1221; x_wconf 91' lang='lat' dir='ltr'>non</span> <span class='ocrx_word' id='word_1_39' title='bbox 448 1179 574 1222; x_wconf 81' lang='lat' dir='ltr'>mancae</span> <span class='ocrx_word' id='word_1_40' title='bbox 590 1168 709 1222; x_wconf 84' lang='lat' dir='ltr'>statuae</span> <span class='ocrx_word' id='word_1_41' title='bbox 725 1180 810 1222; x_wconf 96' lang='lat' dir='ltr'>nunc</span> <span class='ocrx_word' id='word_1_42' title='bbox 826 1158 935 1241; x_wconf 88' lang='lat' dir='ltr'>figeris</span> <span class='ocrx_word' id='word_1_43' title='bbox 950 1160 1072 1238; x_wconf 88' lang='lat' dir='ltr'>instar;</span> 
     </span>
     <span class='ocr_line' id='line_1_8' title="bbox 193 1277 901 1362; baseline 0.004 -22"><span class='ocrx_word' id='word_1_44' title='bbox 193 1277 357 1342; x_wconf 88' lang='lat' dir='ltr'>Exarsere</span> <span class='ocrx_word' id='word_1_45' title='bbox 373 1280 465 1362; x_wconf 88' lang='lat' dir='ltr'>ignes</span> <span class='ocrx_word' id='word_1_46' title='bbox 480 1279 551 1344; x_wconf 69' lang='lat' dir='ltr'>sold</span> <span class='ocrx_word' id='word_1_47' title='bbox 566 1300 632 1343; x_wconf 91' lang='lat' dir='ltr'>non</span> <span class='ocrx_word' id='word_1_48' title='bbox 647 1290 745 1344; x_wconf 89' lang='lat' dir='ltr'>nocte</span> <span class='ocrx_word' id='word_1_49' title='bbox 759 1281 901 1357; x_wconf 87' lang='lat' dir='ltr'>vetandi,</span> 
     </span>
    </p>

    <p class='ocr_par' dir='ltr' id='par_1_6' title="bbox 193 1400 1016 1484">
     <span class='ocr_line' id='line_1_9' title="bbox 193 1400 1016 1484; baseline 0.004 -21"><span class='ocrx_word' id='word_1_50' title='bbox 193 1400 239 1463; x_wconf 92' lang='lat' dir='ltr'>Et</span> <span class='ocrx_word' id='word_1_51' title='bbox 255 1400 377 1464; x_wconf 89' lang='lat' dir='ltr'>lassum</span> <span class='ocrx_word' id='word_1_52' title='bbox 393 1403 560 1484; x_wconf 89' lang='lat' dir='ltr'>ingenium</span> <span class='ocrx_word' id='word_1_53' title='bbox 577 1402 680 1466; x_wconf 85' lang='lat' dir='ltr'>reficit</span> <span class='ocrx_word' id='word_1_54' title='bbox 695 1403 755 1468; x_wconf 89' lang='lat' dir='ltr'>tibi</span> <span class='ocrx_word' id='word_1_55' title='bbox 771 1403 880 1465; x_wconf 87' lang='lat' dir='ltr'>fumus</span> <span class='ocrx_word' id='word_1_56' title='bbox 896 1423 1016 1467; x_wconf 84' lang='lat' dir='ltr'>avenae.</span> 
     </span>
    </p>
   </div>
   <div class='ocr_carea' id='block_1_3' title="bbox 192 1643 1081 2214">
    <p class='ocr_par' dir='ltr' id='par_1_7' title="bbox 192 1643 1081 2214">
     <span class='ocr_line' id='line_1_10' title="bbox 237 1643 1046 1727; baseline 0 -18"><span class='ocrx_word' id='word_1_57' title='bbox 237 1643 410 1709; x_wconf 91' lang='lat' dir='ltr'>Sollennes</span> <span class='ocrx_word' id='word_1_58' title='bbox 424 1666 502 1709; x_wconf 89' lang='lat' dir='ltr'>vero</span> <span class='ocrx_word' id='word_1_59' title='bbox 517 1666 592 1709; x_wconf 91' lang='lat' dir='ltr'>cum</span> <span class='ocrx_word' id='word_1_60' title='bbox 610 1645 891 1710; x_wconf 88' lang='lat' dir='ltr'>Commemoratio</span> <span class='ocrx_word' id='word_1_61' title='bbox 906 1665 1046 1727; x_wconf 91' lang='lat' dir='ltr'>pompas</span> 
     </span>
     <span class='ocr_line' id='line_1_11' title="bbox 194 1765 1021 1848; baseline 0.004 -22"><span class='ocrx_word' id='word_1_62' title='bbox 194 1765 350 1841; x_wconf 85' lang='lat' dir='ltr'>Instituit,</span> <span class='ocrx_word' id='word_1_63' title='bbox 367 1775 553 1848; x_wconf 90' lang='lat' dir='ltr'>matresque</span> <span class='ocrx_word' id='word_1_64' title='bbox 568 1766 653 1843; x_wconf 89' lang='lat' dir='ltr'>tulit,</span> <span class='ocrx_word' id='word_1_65' title='bbox 668 1765 870 1848; x_wconf 75' lang='lat' dir='ltr'>gracilesque</span> <span class='ocrx_word' id='word_1_66' title='bbox 886 1786 1021 1841; x_wconf 85' lang='lat' dir='ltr'>sorores,</span> 
     </span>
     <span class='ocr_line' id='line_1_12' title="bbox 193 1887 1058 1970; baseline -0.002 -19"><span class='ocrx_word' id='word_1_67' title='bbox 193 1887 277 1951; x_wconf 86' lang='lat' dir='ltr'>Cum</span> <span class='ocrx_word' id='word_1_68' title='bbox 293 1896 386 1968; x_wconf 90' lang='lat' dir='ltr'>patre</span> <span class='ocrx_word' id='word_1_69' title='bbox 401 1888 575 1970; x_wconf 74' lang='lat' dir='ltr'>quaesitam</span> <span class='ocrx_word' id='word_1_70' title='bbox 590 1888 648 1950; x_wconf 93' lang='lat' dir='ltr'>vix</span> <span class='ocrx_word' id='word_1_71' title='bbox 664 1887 845 1950; x_wconf 89' lang='lat' dir='ltr'>sufficiente</span> <span class='ocrx_word' id='word_1_72' title='bbox 860 1907 1058 1962; x_wconf 89' lang='lat' dir='ltr'>crumenam,</span> 
     </span>
     <span class='ocr_line' id='line_1_13' title="bbox 192 2008 1052 2092; baseline 0 -20"><span class='ocrx_word' id='word_1_73' title='bbox 192 2009 246 2072; x_wconf 91' lang='lat' dir='ltr'>Ne</span> <span class='ocrx_word' id='word_1_74' title='bbox 261 2018 399 2085; x_wconf 91' lang='lat' dir='ltr'>nostros,</span> <span class='ocrx_word' id='word_1_75' title='bbox 414 2010 592 2092; x_wconf 83' lang='lat' dir='ltr'>peregrine,</span> <span class='ocrx_word' id='word_1_76' title='bbox 608 2009 715 2082; x_wconf 90' lang='lat' dir='ltr'>nimis,</span> <span class='ocrx_word' id='word_1_77' title='bbox 732 2028 774 2072; x_wconf 94' lang='lat' dir='ltr'>ne</span> <span class='ocrx_word' id='word_1_78' title='bbox 788 2008 920 2090; x_wconf 89' lang='lat' dir='ltr'>despice</span> <span class='ocrx_word' id='word_1_79' title='bbox 936 2028 1052 2073; x_wconf 85' lang='lat' dir='ltr'>mores.</span> 
     </span>
     <span class='ocr_line' id='line_1_14' title="bbox 193 2130 1081 2214; baseline 0.003 -21"><span class='ocrx_word' id='word_1_80' title='bbox 193 2131 301 2195; x_wconf 89' lang='lat' dir='ltr'>Pauca</span> <span class='ocrx_word' id='word_1_81' title='bbox 317 2132 377 2195; x_wconf 92' lang='lat' dir='ltr'>tibi</span> <span class='ocrx_word' id='word_1_82' title='bbox 393 2141 560 2214; x_wconf 85' lang='lat' dir='ltr'>praecepta</span> <span class='ocrx_word' id='word_1_83' title='bbox 576 2152 702 2207; x_wconf 89' lang='lat' dir='ltr'>canam,</span> <span class='ocrx_word' id='word_1_84' title='bbox 717 2152 793 2214; x_wconf 84' lang='lat' dir='ltr'>quae</span> <span class='ocrx_word' id='word_1_85' title='bbox 809 2130 891 2194; x_wconf 85' lang='lat' dir='ltr'>ferre</span> <span class='ocrx_word' id='word_1_86' title='bbox 907 2141 1081 2197; x_wconf 90' lang='lat' dir='ltr'>memento.</span> 
     </span>
    </p>
   </div>
   <div class='ocr_carea' id='block_1_4' title="bbox 191 2251 1011 2453">
    <p class='ocr_par' dir='ltr' id='par_1_8' title="bbox 191 2251 1011 2453">
     <span class='ocr_line' id='line_1_15' title="bbox 191 2251 913 2336; baseline 0 -22"><span class='ocrx_word' id='word_1_87' title='bbox 191 2252 283 2317; x_wconf 88' lang='lat' dir='ltr'>Area</span> <span class='ocrx_word' id='word_1_88' title='bbox 297 2254 324 2315; x_wconf 92' lang='lat' dir='ltr'>si</span> <span class='ocrx_word' id='word_1_89' title='bbox 341 2252 476 2335; x_wconf 88' lang='lat' dir='ltr'>quando</span> <span class='ocrx_word' id='word_1_90' title='bbox 486 2261 525 2316; x_wconf 88' lang='lat' dir='ltr'>te</span> <span class='ocrx_word' id='word_1_91' title='bbox 541 2253 664 2336; x_wconf 90' lang='lat' dir='ltr'>ceperit</span> <span class='ocrx_word' id='word_1_92' title='bbox 680 2253 751 2334; x_wconf 90' lang='lat' dir='ltr'>ipsa</span> <span class='ocrx_word' id='word_1_93' title='bbox 766 2251 913 2328; x_wconf 89' lang='lat' dir='ltr'>Theatri,</span> 
     </span>
     <span class='ocr_line' id='line_1_16' title="bbox 192 2369 1011 2453; baseline 0 -20"><span class='ocrx_word' id='word_1_94' title='bbox 192 2370 245 2434; x_wconf 92' lang='lat' dir='ltr'>Ne</span> <span class='ocrx_word' id='word_1_95' title='bbox 260 2379 348 2453; x_wconf 87' lang='lat' dir='ltr'>toga,</span> <span class='ocrx_word' id='word_1_96' title='bbox 365 2391 406 2433; x_wconf 91' lang='lat' dir='ltr'>ne</span> <span class='ocrx_word' id='word_1_97' title='bbox 419 2391 553 2433; x_wconf 91' lang='lat' dir='ltr'>summo</span> <span class='ocrx_word' id='word_1_98' title='bbox 569 2371 719 2452; x_wconf 89' lang='lat' dir='ltr'>quamvis</span> <span class='ocrx_word' id='word_1_99' title='bbox 734 2379 866 2432; x_wconf 89' lang='lat' dir='ltr'>textore</span> <span class='ocrx_word' id='word_1_100' title='bbox 881 2369 1011 2452; x_wconf 88' lang='lat' dir='ltr'>galerus</span> 
     </span>
    </p>
   </div>
   <div class='ocr_carea' id='block_1_5' title="bbox 187 2491 1128 3307">
    <p class='ocr_par' dir='ltr' id='par_1_9' title="bbox 190 2491 1052 2678">
     <span class='ocr_line' id='line_1_17' title="bbox 190 2491 1052 2574; baseline 0 -18"><span class='ocrx_word' id='word_1_101' title='bbox 190 2492 360 2567; x_wconf 87' lang='lat' dir='ltr'>Albescat,</span> <span class='ocrx_word' id='word_1_102' title='bbox 375 2493 564 2574; x_wconf 87' lang='lat' dir='ltr'>peregrine;</span> <span class='ocrx_word' id='word_1_103' title='bbox 588 2491 678 2556; x_wconf 91' lang='lat' dir='ltr'>color</span> <span class='ocrx_word' id='word_1_104' title='bbox 692 2492 886 2555; x_wconf 88' lang='lat' dir='ltr'>deterrimus</span> <span class='ocrx_word' id='word_1_105' title='bbox 902 2491 978 2556; x_wconf 90' lang='lat' dir='ltr'>albo</span> <span class='ocrx_word' id='word_1_106' title='bbox 994 2499 1052 2557; x_wconf 87' lang='lat' dir='ltr'>est.</span> 
     </span>
     <span class='ocr_line' id='line_1_18' title="bbox 191 2613 904 2678; baseline 0 -1"><span class='ocrx_word' id='word_1_107' title='bbox 191 2614 288 2678; x_wconf 92' lang='lat' dir='ltr'>Multi</span> <span class='ocrx_word' id='word_1_108' title='bbox 305 2614 474 2678; x_wconf 91' lang='lat' dir='ltr'>candentis</span> <span class='ocrx_word' id='word_1_109' title='bbox 491 2613 639 2678; x_wconf 91' lang='lat' dir='ltr'>damnati</span> <span class='ocrx_word' id='word_1_110' title='bbox 655 2615 790 2677; x_wconf 91' lang='lat' dir='ltr'>crimine</span> <span class='ocrx_word' id='word_1_111' title='bbox 804 2616 904 2678; x_wconf 91' lang='lat' dir='ltr'>vestis</span> 
     </span>
    </p>

    <p class='ocr_par' dir='ltr' id='par_1_10' title="bbox 191 2738 932 2821">
     <span class='ocr_line' id='line_1_19' title="bbox 191 2738 932 2821; baseline 0.001 -20"><span class='ocrx_word' id='word_1_112' title='bbox 191 2738 332 2821; x_wconf 91' lang='lat' dir='ltr'>Explosi</span> <span class='ocrx_word' id='word_1_113' title='bbox 349 2739 492 2802; x_wconf 90' lang='lat' dir='ltr'>didicere</span> <span class='ocrx_word' id='word_1_114' title='bbox 508 2738 570 2802; x_wconf 91' lang='lat' dir='ltr'>loci</span> <span class='ocrx_word' id='word_1_115' title='bbox 587 2759 652 2802; x_wconf 91' lang='lat' dir='ltr'>non</span> <span class='ocrx_word' id='word_1_116' title='bbox 667 2748 816 2803; x_wconf 88' lang='lat' dir='ltr'>temnere</span> <span class='ocrx_word' id='word_1_117' title='bbox 830 2740 932 2803; x_wconf 85' lang='lat' dir='ltr'>divos.</span> 
     </span>
    </p>

    <p class='ocr_par' dir='ltr' id='par_1_11' title="bbox 187 2860 994 3065">
     <span class='ocr_line' id='line_1_20' title="bbox 190 2860 994 2942; baseline 0.002 -19"><span class='ocrx_word' id='word_1_118' title='bbox 190 2860 283 2924; x_wconf 92' lang='lat' dir='ltr'>Neve</span> <span class='ocrx_word' id='word_1_119' title='bbox 299 2861 354 2924; x_wconf 93' lang='lat' dir='ltr'>ubi</span> <span class='ocrx_word' id='word_1_120' title='bbox 371 2861 554 2930; x_wconf 89' lang='lat' dir='ltr'>Doctorum</span> <span class='ocrx_word' id='word_1_121' title='bbox 571 2861 729 2942; x_wconf 88' lang='lat' dir='ltr'>processit</span> <span class='ocrx_word' id='word_1_122' title='bbox 746 2861 864 2935; x_wconf 91' lang='lat' dir='ltr'>conti0,</span> <span class='ocrx_word' id='word_1_123' title='bbox 882 2870 915 2924; x_wconf 93' lang='lat' dir='ltr'>et</span> <span class='ocrx_word' id='word_1_124' title='bbox 931 2861 994 2925; x_wconf 90' lang='lat' dir='ltr'>ista</span> 
     </span>
     <span class='ocr_line' id='line_1_21' title="bbox 187 2981 960 3065; baseline 0 -21"><span class='ocrx_word' id='word_1_125' title='bbox 187 2982 377 3065; x_wconf 85' lang='lat' dir='ltr'>Acceptura</span> <span class='ocrx_word' id='word_1_126' title='bbox 394 2981 523 3045; x_wconf 91' lang='lat' dir='ltr'>Gradus</span> <span class='ocrx_word' id='word_1_127' title='bbox 538 2983 636 3045; x_wconf 86' lang='lat' dir='ltr'>series</span> <span class='ocrx_word' id='word_1_128' title='bbox 652 2991 793 3064; x_wconf 87' lang='lat' dir='ltr'>augusta</span> <span class='ocrx_word' id='word_1_129' title='bbox 807 2983 960 3058; x_wconf 86' lang='lat' dir='ltr'>virorum,</span> 
     </span>
    </p>

    <p class='ocr_par' dir='ltr' id='par_1_12' title="bbox 188 3103 923 3180">
     <span class='ocr_line' id='line_1_22' title="bbox 188 3103 923 3180; baseline -0.001 -12"><span class='ocrx_word' id='word_1_130' title='bbox 188 3106 325 3180; x_wconf 88' lang='lat' dir='ltr'>Mireris,</span> <span class='ocrx_word' id='word_1_131' title='bbox 342 3105 368 3167; x_wconf 93' lang='lat' dir='ltr'>si</span> <span class='ocrx_word' id='word_1_132' title='bbox 384 3104 562 3168; x_wconf 89' lang='lat' dir='ltr'>tradendos</span> <span class='ocrx_word' id='word_1_133' title='bbox 577 3105 668 3167; x_wconf 91' lang='lat' dir='ltr'>stetit</span> <span class='ocrx_word' id='word_1_134' title='bbox 685 3105 769 3167; x_wconf 91' lang='lat' dir='ltr'>inter</span> <span class='ocrx_word' id='word_1_135' title='bbox 783 3103 923 3167; x_wconf 85' lang='lat' dir='ltr'>honores</span> 
     </span>
    </p>

    <p class='ocr_par' dir='ltr' id='par_1_13' title="bbox 188 3223 1128 3307">
     <span class='ocr_line' id='line_1_23' title="bbox 188 3223 1128 3307; baseline 0.001 -19"><span class='ocrx_word' id='word_1_136' title='bbox 188 3225 276 3289; x_wconf 89' lang='lat' dir='ltr'>Tota</span> <span class='ocrx_word' id='word_1_137' title='bbox 292 3223 417 3299; x_wconf 79' lang='lat' dir='ltr'>cohorS,</span> <span class='ocrx_word' id='word_1_138' title='bbox 433 3233 600 3306; x_wconf 91' lang='lat' dir='ltr'>utcunque</span> <span class='ocrx_word' id='word_1_139' title='bbox 614 3223 716 3287; x_wconf 89' lang='lat' dir='ltr'>velint</span> <span class='ocrx_word' id='word_1_140' title='bbox 731 3223 927 3288; x_wconf 89' lang='lat' dir='ltr'>Anabathra</span> <span class='ocrx_word' id='word_1_141' title='bbox 939 3225 1088 3307; x_wconf 88' lang='lat' dir='ltr'>jocari-</span> <span class='ocrx_word' id='word_1_142' title='bbox 1126 3243 1128 3251; x_wconf 81' lang='grc'>’</span> 
     </span>
    </p>
   </div>
   <div class='ocr_carea' id='block_1_6' title="bbox 189 3323 1065 3428">
    <p class='ocr_par' dir='ltr' id='par_1_14' title="bbox 189 3323 1065 3428">
     <span class='ocr_line' id='line_1_24' title="bbox 189 3323 1065 3428; baseline -0.001 -17"><span class='ocrx_word' id='word_1_143' title='bbox 189 3323 354 3412; x_wconf 89' lang='lat' dir='ltr'>Emeritos</span> <span class='ocrx_word' id='word_1_144' title='bbox 369 3345 567 3411; x_wconf 88' lang='lat' dir='ltr'>Anabathra</span> <span class='ocrx_word' id='word_1_145' title='bbox 582 3345 667 3409; x_wconf 89' lang='lat' dir='ltr'>sales</span> <span class='ocrx_word' id='word_1_146' title='bbox 680 3346 861 3428; x_wconf 90' lang='lat' dir='ltr'>jaculantia</span> <span class='ocrx_word' id='word_1_147' title='bbox 876 3347 1000 3411; x_wconf 91' lang='lat' dir='ltr'>cunctis</span> <span class='ocrx_word' id='word_1_148' title='bbox 1013 3369 1065 3410; x_wconf 79' lang='lat'>2-</span> 
     </span>
    </p>
   </div>
   <div class='ocr_carea' id='block_1_7' title="bbox 185 3467 1155 3794">
    <p class='ocr_par' dir='ltr' id='par_1_15' title="bbox 185 3467 1155 3794">
     <span class='ocr_line' id='line_1_25' title="bbox 189 3467 1099 3552; baseline -0.001 -19"><span class='ocrx_word' id='word_1_149' title='bbox 189 3468 283 3533; x_wconf 90' lang='lat' dir='ltr'>Neve</span> <span class='ocrx_word' id='word_1_150' title='bbox 297 3469 387 3552; x_wconf 94' lang='lat' dir='ltr'>quod</span> <span class='ocrx_word' id='word_1_151' title='bbox 404 3469 571 3551; x_wconf 91' lang='lat' dir='ltr'>eloquium</span> <span class='ocrx_word' id='word_1_152' title='bbox 588 3467 728 3531; x_wconf 86' lang='lat' dir='ltr'>fundens</span> <span class='ocrx_word' id='word_1_153' title='bbox 743 3467 786 3531; x_wconf 91' lang='lat' dir='ltr'>ad</span> <span class='ocrx_word' id='word_1_154' title='bbox 803 3477 907 3532; x_wconf 90' lang='lat' dir='ltr'>rostra</span> <span class='ocrx_word' id='word_1_155' title='bbox 924 3469 1099 3545; x_wconf 85' lang='lat' dir='ltr'>Professor,</span> 
     </span>
     <span class='ocr_line' id='line_1_26' title="bbox 187 3588 904 3665; baseline -0.004 -10"><span class='ocrx_word' id='word_1_156' title='bbox 187 3590 265 3656; x_wconf 87' lang='lat' dir='ltr'>Sive</span> <span class='ocrx_word' id='word_1_157' title='bbox 280 3591 340 3653; x_wconf 88' lang='lat' dir='ltr'>erit</span> <span class='ocrx_word' id='word_1_158' title='bbox 357 3588 506 3665; x_wconf 71' lang='lat' dir='ltr'>Orator,l</span> <span class='ocrx_word' id='word_1_159' title='bbox 521 3610 587 3652; x_wconf 91' lang='lat' dir='ltr'>non</span> <span class='ocrx_word' id='word_1_160' title='bbox 603 3589 761 3652; x_wconf 87' lang='lat' dir='ltr'>exaudita</span> <span class='ocrx_word' id='word_1_161' title='bbox 777 3588 904 3653; x_wconf 90' lang='lat' dir='ltr'>locutus</span> 
     </span>
     <span class='ocr_line' id='line_1_27' title="bbox 185 3709 1155 3794; baseline -0.001 -20"><span class='ocrx_word' id='word_1_162' title='bbox 185 3711 297 3774; x_wconf 88' lang='lat' dir='ltr'>Verba</span> <span class='ocrx_word' id='word_1_163' title='bbox 312 3731 370 3792; x_wconf 90' lang='lat' dir='ltr'>per</span> <span class='ocrx_word' id='word_1_164' title='bbox 385 3711 559 3774; x_wconf 91' lang='lat' dir='ltr'>adversum</span> <span class='ocrx_word' id='word_1_165' title='bbox 575 3709 758 3791; x_wconf 88' lang='lat' dir='ltr'>strepitum,</span> <span class='ocrx_word' id='word_1_166' title='bbox 774 3730 984 3793; x_wconf 85' lang='lat' dir='ltr'>vappamque</span> <span class='ocrx_word' id='word_1_167' title='bbox 997 3711 1155 3794; x_wconf 87' lang='lat' dir='ltr'>jocorum,</span> 
     </span>
    </p>
   </div>
   <div class='ocr_carea' id='block_1_8' title="bbox 548 3884 814 3935">
    <p class='ocr_par' dir='ltr' id='par_1_16' title="bbox 548 3884 814 3935">
     <span class='ocr_line' id='line_1_28' title="bbox 548 3884 814 3935; baseline 0.004 -1"><span class='ocrx_word' id='word_1_168' title='bbox 548 3885 562 3911; x_wconf 67' lang='lat'>⁶</span> <span class='ocrx_word' id='word_1_169' title='bbox 579 3884 678 3934; x_wconf 89' lang='lat' dir='ltr'>Scilicet</span> <span class='ocrx_word' id='word_1_170' title='bbox 691 3884 814 3935; x_wconf 79' lang='lat' dir='ltr'>Publicus</span> 
     </span>
    </p>
   </div>
   <div class='ocr_carea' id='block_1_9' title="bbox 0 0 1440 4570">
    <p class='ocr_par' dir='ltr' id='par_1_17' title="bbox 0 0 1440 4570">
     <span class='ocr_line' id='line_1_29' title="bbox 0 0 1440 4570; baseline 0 1"><span class='ocrx_word' id='word_1_171' title='bbox 0 0 1440 4570; x_wconf 95' lang='lat' dir='ltr'> </span> 
     </span>
    </p>
   </div>
  </div>
 </body>
</html>
