2872 4570
274 369 291 425 6
585 369 791 424 PERICULA
823 370 947 424 URBIS.

274 547 318 611 Dr
335 547 461 611 cunctis
478 547 603 610 Primas
621 547 771 612 Classes!
816 548 944 631 Tuque,
960 548 1093 630 optime,
1110 548 1137 610 si
1152 548 1201 611 vis

274 669 358 732 Esse
373 668 506 751 aliquid,
523 669 725 752 Quartaeque
741 679 835 733 tuum
852 692 917 733 non
933 669 1055 733 addere
1070 670 1209 752 pondus,

276 790 348 853 Nec
367 792 501 874 (sortem
518 790 688 854 infandam
702 790 722 873 l)
740 810 915 856 numeroso
931 792 964 854 in
984 791 1122 873 Gurgite
1136 791 1268 874 mergi*

274 910 388 975 Scribe
404 910 493 993 quod
510 909 692 974 Austinum
708 912 825 994 sapiat,
843 911 1016 974 Millumve
1032 912 1199 975 dicacem:

273 1032 350 1094 Non
366 1031 419 1094 hic
437 1031 611 1096 Romuleae
627 1041 686 1095 tua
701 1053 831 1095 summa
848 1033 966 1114 peritia
982 1031 1103 1115 linguae

273 1153 406 1227 Profuit,
423 1163 481 1217 aut
499 1153 588 1217 Graii
605 1154 732 1217 Primas
748 1174 895 1217 meruere
911 1153 1037 1235 lepores
1046 1174 1054 1231 ;

272 1273 365 1338 Mille
381 1273 585 1338 soloecismos
602 1274 700 1338 liceat
715 1275 831 1339 fecisse
848 1276 1048 1358 Sophistam.

314 1517 365 1582 At
380 1518 441 1582 tibi
457 1517 539 1582 dura
555 1517 677 1600 legens,
692 1538 758 1580 non
775 1517 951 1582 infortunia
966 1517 1047 1580 soli:

264 1632 360 1722 'Quid
373 1638 519 1720 juvenes
537 1641 629 1721 queis
645 1640 809 1720 contingit
824 1642 886 1702 sub
902 1639 1046 1720 vesperis
1062 1638 1187 1712 horam,

273 1760 386 1842 (Cogit
403 1761 489 1822 enim
508 1758 681 1840 matrona)
700 1780 825 1822 meram
842 1759 973 1822 sorbere
990 1757 1148 1836 Boheam,

272 1881 493 1963 Crustulaque
510 1881 642 1944 urbanis
659 1880 901 1944 circumvehere
917 1888 1017 1943 uncta
1032 1878 1175 1960 puellis?

271 2001 381 2084 Quam
398 2001 545 2083 linguam
561 2002 725 2083 oppressit
739 2000 918 2083 juvenilem
935 2009 1067 2082 tempus
1083 2001 1241 2082 iniquum,

271 2122 317 2184 Et
332 2130 435 2204 quota
451 2123 589 2204 captivis
604 2123 696 2204 virgo
713 2143 748 2185 se
761 2123 866 2204 jactat
882 2121 1039 2185 alumnis!

271 2243 370 2307 Stant
386 2244 518 2324 passim,
535 2244 645 2306 vittati
662 2264 786 2318 omnes
803 2264 862 2305 ceu
879 2244 1022 2305 victimae
1040 2241 1082 2305 ad
1099 2262 1183 2316 aras,

272 2363 410 2445 Gurgite
426 2363 628 2444 bombycum
646 2365 813 2446 absorpti:
837 2373 932 2426 tanto
948 2364 1080 2446 agmine
1096 2364 1195 2426 vestis

272 2485 411 2548 Femina
426 2506 461 2548 se
477 2486 583 2548 cinxit
600 2487 751 2568 propriae,
767 2485 967 2567 cohibetque
984 2506 1174 2567 regressum.

270 2607 413 2688 Jamque
429 2627 544 2668 omnes
562 2627 666 2688 nugas
682 2606 725 2668 de
740 2615 940 2688 tempestate
957 2607 1066 2682 locuti,

270 2726 344 2789 Aut
359 2747 463 2790 vacuo
479 2727 579 2808 capiti
595 2727 622 2789 si
639 2727 719 2808 quid
736 2727 929 2807 praesentius
946 2726 1042 2802 adsit,

272 2850 464 2930 Expectant
480 2847 604 2922 blandi,
620 2847 705 2930 (jam
722 2849 901 2911 cantatrice
916 2848 1060 2928 vocata)

274 2976 376 3039 Haud
395 2996 467 3038 raro
483 2975 636 3038 auditum
653 2994 795 3049 carmen,
812 2975 1042 3057 ‘Rivumque'
1059 2977 1266 3057 perennem,†

273 3098 334 3161 Cui
351 3097 425 3160 finis
441 3118 554 3160 cursus
571 3096 679 3160 nullus
696 3097 812 3161 datur:
837 3096 892 3160 illa
908 3097 1047 3159 canendi

303 3233 318 3260 ⁴*
337 3233 576 3297 Gurgite-Fabula
587 3232 712 3296 antiquior
723 3241 767 3293 est,
782 3233 905 3296 gurgitem
922 3233 1048 3297 quondam
1066 3233 1148 3281 subito
1166 3249 1192 3282 se
1210 3249 1267 3296 ape·

271 3315 347 3364 ruisse
364 3315 390 3363 in
406 3314 489 3364 medid
507 3314 575 3364 Aula
594 3315 741 3365 scholarum.
779 3317 937 3380 Responsum
957 3316 1029 3365 datur
1048 3317 1188 3380 petentibus
1207 3331 1266 3380 quo·

271 3398 347 3446 modo
362 3397 497 3457 claudatur,
512 3397 623 3461 injiciant
638 3396 669 3446 eb
686 3414 739 3447 rem
755 3414 831 3462 quam
847 3399 955 3447 habeant
971 3399 1122 3448 vilissimam.
1161 3399 1268 3448 Proinde

271 3480 512 3531 Vice·Cancellarius
529 3480 627 3530 lictores
645 3479 718 3544 jussit
735 3482 828 3530 vincire
846 3497 896 3541 eos,
912 3482 962 3545 qui,
977 3497 1053 3545 quum
1067 3482 1172 3530 honores
1189 3483 1266 3531 ambi-

272 3563 355 3623 issent,
378 3562 472 3611 nullam
490 3570 572 3611 tamen
595 3563 699 3613 classem
721 3563 805 3629 adepti
828 3570 918 3614 essent.
956 3564 1005 3612 His
1022 3564 1047 3612 in
1065 3565 1207 3613 barathrum
1225 3565 1266 3614 de-

270 3646 342 3695 trusis
365 3645 451 3706 solida,
473 3653 501 3694 ut
521 3653 586 3705 ante,
611 3645 639 3694 fit
663 3652 733 3696 terra.
772 3647 829 3694 Mos
849 3645 957 3694 solennis
979 3647 1037 3695 inde
1061 3647 1267 3696 examinatoribus

268 3729 379 3790 traditur,
393 3744 468 3794 quem
480 3729 561 3777 cinctu
573 3729 673 3778 Gabino
686 3729 765 3777 hahiti
777 3729 909 3792 quotannis
922 3731 1093 3779 servant-C.
1103 3730 1165 3780 V.G.

466 3813 485 3868 l·
505 3815 511 3840 ‘
524 3813 545 3860 F
547 3828 574 3860 or
586 3827 643 3860 men
655 3827 712 3874 may
724 3827 794 3860 come
806 3811 855 3859 and
867 3827 924 3858 men
936 3827 993 3874 may
1003 3827 1044 3874 go,

583 3895 632 3943 But
644 3893 656 3942 I
668 3909 701 3958 go
712 3909 746 3942 on
758 3893 795 3943 lor
806 3891 1055 3958 euers—Teuma.
